3212 5088
634 408 675 469 37

70 603 265 666 subtilitatem
288 606 466 681 tenuantur,
494 607 528 666 ut
560 609 720 684 penetrare
741 604 870 686 sanantis
893 625 956 668 uou
986 607 1087 686 possit
1122 607 1244 672 aliudue

70 732 160 790 ραανα
187 711 298 774 emilis
325 730 427 773 tumor
459 710 501 772 ab
533 711 600 774 ille
628 712 682 792 (μα’
709 712 917 776 cacuminibus
950 713 1123 778 iuuuuccris
1149 715 1244 778 sudor

70 817 248 898 appellatur.
278 817 312 880 in
334 815 386 880 his
411 837 551 900 quonam
565 816 661 879 modo
685 815 824 880 editores
848 817 948 880 verba
970 818 1060 902 typis
1084 820 1242 905 insignita

69 923 285 988 intellexerint
308 922 417 988 miror.
444 923 506 987 hoo
529 945 606 986 vero
629 945 695 985 non
718 922 865 1008 dubium,
889 924 967 1007 quin
979 923 1114 989 liberius
1137 929 1241 991 trans-

68 1031 135 1093 lata
159 1030 224 1094 sint
246 1028 434 1094 Aristotelis
459 1030 558 1092 verba
581 1029 618 1091 de
642 1032 725 1111 part.
750 1051 800 1092 an.
822 1028 872 1092 HI
895 1030 916 1093 b
939 1053 969 1114 p.
994 1031 1058 1096 668
1073 1030 1114 1116 Β,
1145 1034 1178 1096 1:
1207 1036 1242 1099 ἐκ

69 1137 222 1212 μειζόνων
253 1135 289 1198 δ’
317 1136 361 1200 εἰ(
389 1135 539 1199 ἐλάττου(
568 1134 598 1198 αἱ
623 1137 741 1216 φλέβεε
769 1134 818 1198 ἀεὶ
849 1138 1062 1215 προέρχονται
1093 1139 1153 1201 έωε
1182 1145 1241 1204 τοῦ

68 1244 211 1318 γενέεθαι
247 1244 323 1306 τοὺ(
354 1241 474 1320 πόρου(
507 1241 657 1305 ἐλάττου(
694 1246 749 1318 τῆε
785 1247 844 1305 τοῦ
878 1243 1010 1320 αἵματα(
1045 1245 1240 1324 παχύτητοε·

68 1348 110 1412 δι’
142 1348 189 1413 ὧν
217 1355 262 1434 τῷ
291 1351 348 1427 μὲν
376 1348 481 1427 αἵματι
515 1347 623 1411 δίοδοε
652 1347 710 1410 οὐκ
733 1346 808 1425 έιτι,
842 1353 887 1432 τῷ
917 1350 952 1411 δὲ
980 1352 1241 1431 περιττώματι

67 1462 129 1534 τῆε
158 1456 275 1534 ὑγρᾶε
304 1455 472 1534 ἰκμάδοτ,
505 1456 544 1518 ὃν
573 1457 732 1532 καλοῦμεν
760 1454 891 1532 ἱδρῶτα,
920 1453 971 1518 καὶ
993 1461 1090 1520 τοῦτο
1115 1462 1238 1538 διαθερ-

67 1564 242 1640 μανθέντοε
283 1565 341 1625 τοῦ
384 1562 527 1640 εώματοτ
570 1561 620 1625 καὶ
656 1564 722 1624 τῶν
759 1561 902 1641 φλεβίων
938 1559 1238 1642 ἀναετομωθέντων.

67 1668 165 1732 sudor
191 1668 292 1753 igitur
322 1670 372 1730 est
403 1667 458 1730 ille
481 1689 588 1750 umor,
616 1666 671 1750 qui
695 1667 875 1729 excernitur
898 1689 1033 1749 corpore
1057 1670 1180 1734 calente
1208 1675 1240 1735 et

64 1797 219 1840 venarum
248 1773 401 1838 clausulis
429 1772 611 1857 patefactis.
663 1795 774 1856 quare,
802 1794 875 1837 cum
897 1772 932 1836 M
956 1774 1109 1838 exhibeat
1130 1779 1240 1864 caitus,

63 1869 140 1946 non*
154 1879 357 1965 improbabile
381 1878 443 1957 erit
462 1879 602 1943 scribere
625 1881 766 1944 cucitus
787 1901 877 1943 cctuou
895 1879 933 1943 ab
956 1880 1023 1958 illo,
1048 1904 1085 1946 ac
1099 1881 1238 1948 forsitan

62 1989 237 2052 relativum
264 2007 444 2070 pronomen
471 1987 547 2068 post
573 1987 744 2050 innumeris
775 1985 959 2068 ponendum
991 1986 1042 2050 sit.
1089 1990 1239 2054 mendum

66 2095 115 2158 ita
140 2093 238 2158 latius
263 2093 396 2178 serpsit,
420 2093 456 2155 nt
470 2114 529 2175 pro
549 2093 647 2156 cultius
661 2092 854 2155 scriberetur
868 2093 978 2170 cotilae,
1003 2115 1041 2156 ex
1055 2093 1117 2158 hoc
1132 2100 1239 2162 autem

61 2190 157 2265 fieret
179 2201 278 2265 ouilia

154 2306 269 2370 Eidem
292 2305 399 2369 'codici
427 2305 462 2367 M
489 2291 780 2390 Theophrastus
810 2327 933 2388 quoque
962 2305 1128 2370 nonnullis
1156 2309 1237 2374 locis

60 2413 225 2497 praesidio
259 2416 316 2477 cst.
370 2435 447 2476 nam
475 2412 559 2476 ‘XIII
593 2413 634 2478 58
667 2414 743 2495 post
773 2409 970 2495 Aegyptiam
1004 2409 1124 2496 Cypria
1156 2413 1236 2479 ficus

61 2521 239 2586 secundum
267 2518 428 2603 Theophr.
457 2519 487 2582 h.
510 2519 553 2602 pl.
581 2518 629 2584 IV
653 2519 686 2604 2,
715 2521 735 2584 3
762 2519 809 2583 ita
837 2518 1043 2602 describitur,
1071 2523 1107 2584 ut
1134 2543 1237 2605 paene

60 2630 198 2692 verbum
222 2651 238 2690 e
262 2627 360 2690 verbo
385 2648 573 2709 expressum
598 2624 653 2688 sit:
690 2625 761 2689 tuuc
779 2628 893 2692 similis
915 2627 1137 2708 autumnitanus
1159 2649 1237 2710 quac

58 2741 189 2800 uocatru
216 2733 332 2817 Oppriu
362 2735 438 2815 uictus
465 2734 500 2796 iu
527 2730 626 2797 Orcla.
676 2755 751 2796 naun
781 2740 809 2798 et
834 2735 907 2798 illa
934 2735 1055 2797 caudice
1082 2735 1147 2816 ipso
1174 2737 1237 2817 scut

51 2863 187 2925 portuum
210 2846 238 2905 ct
259 2841 370 2917 raucis,
394 2861 462 2902 curu
485 2840 520 2902 iu
542 2841 776 2904 crassitudinem
799 2841 963 2924 adolevere,
990 2843 1044 2906 secl
1063 2842 1149 2906 baec
1168 2865 1236 2926 pcr-

58 2972 133 3014 uccu
157 2949 267 3013 atiittit
287 2949 353 3011 siue
375 2947 449 3010 ullis
470 2947 557 3027 saliis
579 2948 679 3013 radici
700 2949 808 3012 uiuite.
831 2949 866 3012 in
887 2947 939 3010 his
955 2948 981 3010 si
1004 2949 1117 3012 illaad
1140 2950 1236 3016 ficum

57 3055 272 3141 Aegyptiam,
300 3053 371 3116 baec
401 3051 441 3114 ad
470 3049 624 3136 Cypriam
651 3053 856 3139 referremus,
893 3053 1071 3118 violaretur
1097 3057 1236 3141 descrip-

56 3163 162 3226 tionis
177 3161 306 3224 veritas.
333 3181 409 3221 nam
425 3158 622 3244 Aegyptiam
643 3159 739 3224 ficum
753 3182 886 3243 pomum
901 3159 985 3223 ferre
1008 3183 1083 3225 non
1105 3165 1236 3248 ramiS,

56 3266 278 3366 sedhcaudice
310 3267 381 3350 ipso
409 3265 507 3350 paulo
538 3288 635 3349 supra
662 3263 696 3353 (ξ
725 3264 782 3352 56)
811 3266 932 3330 dictum
961 3269 1023 3352 cst,
1053 3268 1091 3332 de
1119 3269 1235 3352 quibus

56 3375 236 3440 verbisne
264 3373 405 3458 dubites,
434 3371 532 3436 affero
562 3372 724 3455 Theophr.
751 3371 799 3437 IV
828 3375 861 3458 2,
892 3373 923 3436 1:
951 3375 1009 3438 τὸν
1046 3375 1081 3438 δέ
1112 3377 1235 3454 καρπόν

56 3484 167 3548 ἰδίωε
196 3483 287 3562 φέρει
316 3479 416 3558 παρὰ
439 3479 478 3542 τὰ
502 3477 584 3542 ἄλλα
599 3530 605 3542 .
622 3530 627 3542 .
644 3529 649 3542 .
666 3476 709 3542 oc·
729 3479 789 3558 γὰρ
814 3478 879 3544 ἀπὸ
902 3484 967 3544 τῶν
993 3485 1136 3560 βλαττῶν
1160 3483 1235 3546 οὐδ’

53 3591 127 3654 ἀπὸ
158 3594 224 3652 τῶν
248 3586 446 3666 ἀκρεμόνων,
477 3584 552 3649 ἀλλ’
575 3587 610 3649 έκ
632 3591 691 3649 τοῦ
715 3586 896 3664 ετελέχουε,
925 3589 962 3649 ut
984 3586 1085 3650 falsus
1111 3587 1153 3650 sit
1177 3586 1234 3652 Sc-

53 3698 148 3760 linus
177 3696 233 3779 32,
263 3695 323 3777 34,
356 3715 428 3756 cum
455 3714 515 3774 pro
552 3691 659 3755 verbis
689 3689 846 3754 Plinianis
874 3696 1009 3774 poneret
1030 3715 1127 3776 potua
1163 3717 1236 3760 nou

52 3804 161 3867 ramis
184 3806 325 3865 tautum
345 3801 505 3882 uestitum,
532 3800 598 3864 secl
618 3803 651 3862 ct
672 3798 802 3862 caitdlcc.
831 3798 887 3862 sed
910 3802 1015 3863 totam
1040 3801 1234 3864 sententiam

52 3910 94 3973 de
124 3905 246 3992 Cypria
268 3905 531 3990 intellegentibus
555 3905 787 3980 molestissima
815 3905 910 3970 nobis
934 3907 984 3970 est
1015 3906 1155 3971 absurda
1178 3929 1233 3992 op·
1303 3921 1306 3930 ‘

50 4015 183 4100 positio
206 4013 435 4097 pronominum
457 4014 515 4077 illa
538 4015 570 4076 et
596 4012 669 4077 baec
692 4011 732 4076 ad
755 4035 853 4076 unam
881 4013 1076 4096 eandemque
1104 4036 1173 4078 rem
1200 4014 1235 4078 in

51 4122 174 4188 eadem
197 4120 369 4184 verborum
393 4119 678 4203 comprehensione
701 4119 945 4203 pertinentium,
969 4141 1065 4202 quam
1084 4122 1121 4185 ut
1138 4121 1233 4185 tolla·

49 4252 146 4314 unus,
178 4231 234 4292 aut
260 4227 332 4291 baec
359 4226 527 4292 delendum
556 4228 620 4310 est,
647 4229 683 4289 ut
712 4226 878 4290 simillima
905 4227 964 4289 fiat
991 4226 1096 4292 oratio
1124 4227 1232 4292 verbis

48 4333 328 4418 Theophrasteis:
357 4336 416 4397 καὶ
438 4333 499 4412 γὰρ
523 4332 648 4411 ἐκείνη
677 4335 768 4412 φέρει
796 4333 854 4397 τὸν
879 4334 1002 4412 καρπόν
1026 4334 1061 4396 ἐκ
1083 4338 1142 4397 τοῦ
1166 4327 1232 4398 ττέ-

50 4446 178 4522 λέχουε
207 4441 257 4504 καὶ
286 4441 321 4506 ἐκ
349 4443 414 4504 τῶν
443 4439 636 4519 παχυτάτων
669 4439 868 4520 ἀκρεμόνων,
906 4442 990 4519 πλὴν
1020 4439 1068 4503 ότι
1098 4439 1232 4519 βλαετόν
