3212 5088
581 375 740 475 ge-

76 593 147 637 κου(
175 571 226 637 tce
253 571 397 653 μίξαντες
424 572 476 638 καὶ
504 573 749 651 καταγγίεαντε(
779 570 959 653 ἡλιάῑουειν
987 572 1039 638 ἐπὶ
1062 571 1179 654 ἡμέρας
1204 574 1243 653 μ’.

75 680 172 756 etiam
198 681 277 744 haec
307 703 327 744 a
349 679 455 746 Plinio
489 680 678 745 circumcisa
701 683 734 744 et
758 684 928 764 amputata
952 682 1036 764 sunt,
1060 679 1115 744 sed
1137 680 1185 745 ita
1206 682 1244 743 ut

8 857 10 870 ³
74 785 154 849 nihil
180 808 378 872 magnopere
401 786 572 872 desideres,
595 787 658 850 nisi
681 787 716 850 in
739 807 783 871 aa,
805 787 893 870 quod
915 786 950 851 M
969 807 1028 869 pro
1047 787 1082 850 ia
1100 786 1244 871 praebet,

75 891 174 956 latere
201 896 295 976 putes
324 893 478 978 reliquias
506 894 595 959 vocis
625 915 706 977 quae
734 891 845 977 periit,
875 915 952 958 nam
981 891 1105 957 Plinius
1129 893 1245 958 etrele

74 999 103 1059 εὴ
133 998 168 1063 iu
196 1001 256 1064 sole
283 1001 318 1065 in
346 1001 409 1065 hac
437 1022 472 1063 re
501 998 683 1083 promiscue
712 985 817 1064 dicere
846 999 1021 1084 consuevit,
1051 1000 1083 1062 et
1112 997 1244 1062 difficile

73 1106 121 1166 est
149 1104 389 1189 depravationis
419 1107 580 1192 originem
607 1105 656 1170 ita
684 1104 854 1191 explicare,
882 1109 918 1170 ut
946 1105 1041 1170 simul
1061 1104 1244 1187 ¹scripturae

76 1208 245 1276 diversitas
269 1214 369 1296 plana
387 1215 452 1279 fiat.
472 1214 611 1279 fortasse
630 1213 666 1277 ia
684 1210 723 1276 de
742 1212 927 1277 coniectura
946 1235 965 1276 a
982 1209 1117 1277 librario
1136 1209 1243 1295 aliquo

73 1317 226 1403 positum,
249 1341 286 1384 ex
308 1323 417 1385 autem
441 1342 457 1384 e
480 1320 604 1384 litteris
623 1340 653 1384 es
671 1341 841 1404 perperam
865 1317 1039 1404 geminatis
1059 1319 1167 1382 ortum
1186 1319 1243 1382 est.

159 1423 221 1489 His
249 1425 351 1512 igitur
374 1426 455 1491 locis
480 1425 618 1490 adsensu
640 1424 841 1490 Dioscoridis
869 1425 1017 1490 firmatur
1048 1423 1167 1489 codicis
1195 1445 1244 1488 re-

72 1531 185 1614 scripti
208 1532 319 1616 lecti0,
348 1536 462 1598 contra
484 1533 564 1598 XIV
590 1534 651 1598 107
677 1532 742 1598 vini
771 1533 966 1598 aromatitae
992 1530 1130 1596 faciendi
1153 1552 1243 1613 prae-

71 1639 165 1720 cepta
194 1639 255 1704 duo
290 1639 432 1706 referens
455 1639 578 1705 Plinius
607 1640 670 1704 etsi
701 1639 815 1704 ceteris
843 1640 939 1704 rebus
967 1637 1139 1732 manifesto
1171 1658 1243 1701 con·

71 1745 170 1810 sentit
193 1767 265 1824 oum
289 1745 401 1810 eodem
425 1744 456 1809 V
478 1745 533 1830 64,
557 1745 708 1810 dissentit
730 1750 840 1812 tamen
863 1768 941 1812 voce
965 1745 1124 1829 bitumine,
1147 1766 1244 1828 quam

70 1872 133 1915 uno
165 1855 299 1936 excepto
327 1851 412 1917 libro
441 1875 476 1936 a,
504 1852 539 1915 in
569 1875 632 1938 quo
660 1854 823 1936 aspalatho
852 1855 1009 1937 scriptum
1037 1874 1106 1916 esse
1133 1851 1245 1936 fertur,

70 1959 169 2024 aeteri
192 1943 303 2022 omnes
332 1979 406 2022 cum
428 1957 463 2021 M
490 1980 693 2024 communem
722 1961 852 2025 habent.
894 1983 957 2052 quo
981 1981 1140 2025 consensu
1163 1959 1245 2022 moti

68 2065 209 2129 editores
232 2062 456 2148 aspalatboin
478 2068 605 2130 textum
633 2073 836 2152 receperunt,
864 2090 1058 2152 quamquam
1086 2068 1151 2131 iam
1175 2063 1244 2130 Sal-

69 2171 194 2234 masius
218 2191 320 2234 exerc.
342 2169 423 2234 Plin.
441 2193 472 2254 p.
491 2171 556 2236 500
571 2171 633 2238 aA
651 2174 758 2238 locum
776 2175 964 2238 mutandum
984 2195 1050 2236 non
1064 2194 1135 2236 esse
1157 2176 1244 2236 recte

68 2277 210 2360 monuit,
247 2277 386 2360 explicat
414 2277 500 2341 enim
527 2277 624 2344 Plinii
656 2281 759 2363 ipsius
789 2303 929 2346 errorem
960 2279 1146 2343 coniectura
1173 2301 1243 2360 per-

68 2406 166 2467 quam
193 2382 368 2467 probabili,
397 2381 452 2447 cui
476 2406 514 2450 eo
543 2387 647 2470 magis
677 2387 855 2473 adsentior,
883 2386 968 2472 quod
996 2384 1075 2449 mihi
1109 2406 1244 2469 quoque,

67 2514 141 2555 cum
164 2489 306 2573 primum
329 2489 484 2555 lectiones
500 2493 605 2556 varias
621 2495 771 2580 cognovi,
796 2495 907 2559 statim
930 2493 965 2557 in
988 2494 1128 2555 mentem
1141 2491 1244 2556 venit:

66 2597 211 2662 Plinium
234 2594 415 2660 confudisse
440 2598 647 2680 aspalathum
671 2605 704 2665 et
723 2600 923 2684 asphaltum,
947 2595 1031 2682 quod
1046 2595 1131 2679 apud
1146 2594 1243 2660 Grae-

66 2727 122 2769 cos
148 2723 273 2789 quoque
297 2702 398 2767 fuisse
421 2703 500 2768 dicit
524 2705 579 2789 qui
602 2705 792 2786 ἀεφάλαθον
821 2705 1006 2770 scriberent.
1044 2706 1129 2768 certe
1153 2724 1244 2786 aspu-
1301 2714 1306 2719 ’

65 2811 187 2876 lathem
209 2831 450 2892 nonnumquam
477 2808 563 2876 falso
593 2813 749 2896 scriptum
773 2834 843 2877 esse
872 2811 1068 2894 cephalotam
1096 2811 1242 2893 exemplo

65 2919 187 2983 codicis
210 2917 245 2982 M
267 2915 329 2980 XV
343 2917 386 2980 30
409 2916 517 2982 videre
539 2917 624 2982 licet.
652 2918 764 2984 eadem
786 2920 847 2983 hac
866 2918 950 2982 falsa
965 2917 1124 3000 scriptura
1147 2918 1243 2981 nixus

64 3025 193 3090 Felsius
208 3023 337 3108 quidem
358 3045 389 3106 p.
404 3023 446 3088 53
470 3024 618 3090 bitumine
631 3047 691 3108 pro
715 3026 912 3110 glossemate
926 3023 1035 3108 habet,
1050 3046 1113 3109 quo
1127 3029 1244 3108 postea

63 3153 143 3196 vera
166 3131 263 3195 lectio
288 3151 346 3193 sua
370 3129 443 3194 sede
464 3131 598 3214 expulsa
622 3132 677 3215 sit,
701 3154 798 3216 quam
821 3131 1017 3196 sententiam
1040 3131 1152 3194 statim
1177 3153 1243 3194 am-

64 3237 239 3320 plecterer,
263 3235 291 3300 si
315 3240 495 3300 ceterorum
509 3237 655 3302 codicum
674 3239 782 3322 plures
806 3261 902 3323 quam
925 3259 1007 3302 unus
1031 3259 1104 3300 cum
1123 3236 1158 3301 M
1181 3237 1262 3322 dis-¹

63 3345 238 3426 creparent
261 3345 294 3406 et
321 3342 359 3406 de
382 3342 444 3407 hoc
467 3366 531 3409 uno
556 3367 575 3407 a
602 3344 697 3408 nobis
726 3345 830 3430 magis
855 3345 1028 3409 constaret.
1057 3364 1143 3408 nunc
1166 3365 1242 3408 vero

66 3449 151 3513 mihi
175 3449 289 3513 incidit
313 3449 453 3532 suspicio
459 3501 467 3534 ,
491 3451 525 3515 in
549 3454 743 3536 aaspalatho
767 3453 906 3517 fortasse
928 3471 993 3515 non
1015 3450 1123 3533 priore
1146 3471 1244 3513 manu

64 3557 240 3640 scriptum,
265 3555 322 3620 sed
345 3559 525 3621 correctum
546 3539 619 3622 esse
644 3559 684 3623 ab
708 3558 840 3624 homine
864 3555 960 3622 docto
983 3557 1017 3620 in
1039 3555 1111 3621 loco
1133 3556 1242 3622 soller-

62 3667 113 3727 ter
139 3685 230 3746 raso,
258 3684 335 3728 nam
357 3663 442 3727 inter
472 3664 627 3730 lectiones
652 3668 813 3731 correctas
836 3664 931 3729 huius
955 3664 1032 3728 libri
1054 3662 1142 3727 haud
1164 3686 1242 3747 pau-

62 3792 120 3834 cae
147 3769 370 3852 inveniuntur,
394 3791 473 3853 quas
487 3791 554 3834 non
577 3793 615 3834 ex
631 3771 805 3856 archetypo
829 3770 962 3854 petitas,
986 3769 1043 3834 sed
1059 3770 1244 3834 coniectura

64 3880 159 3944 ortas
184 3897 253 3939 esse
282 3874 414 3959 dixeris3
459 3873 530 3940 Iani
553 3878 661 3941 autem
690 3881 851 3941 attentum
875 3875 1003 3941 oculum
1029 3876 1092 3940 hoc
1119 3875 1242 3960 fugisse

61 3985 131 4048 non
162 3981 351 4047 incredibile
382 3984 440 4066 est,
464 4003 536 4045 cum
559 3979 770 4047 Broterianae
794 3981 958 4067 editionis,
980 3981 1016 4046 in
1038 4004 1102 4067 qua
1124 3981 1243 4067 legitur

49 4088 241 4172 ‚aspalatho
268 4088 414 4171 exemplo
443 4087 477 4150 in
503 4087 598 4152 libris
629 4089 881 4173 manuscriptis
912 4088 1108 4153 excutiendis
1137 4089 1242 4152 utenti

60 4196 157 4260 nulla
182 4195 211 4258 ci
235 4195 269 4259 in
291 4195 352 4259 hac
376 4216 453 4259 voce
478 4196 657 4278 scripturae
678 4196 896 4278 discrepantia
920 4195 1081 4261 enotauda
1104 4199 1198 4260 esset.

157 4300 376 4364 Transeuntes
401 4300 442 4364 ad
465 4300 526 4366 XV
550 4303 569 4366 6
594 4303 747 4367 subtilem
775 4303 866 4367 illam
896 4302 1085 4386 attingimus
1115 4305 1241 4366 contro-

60 4408 208 4474 versiam
237 4408 483 4490 grammaticam
512 4429 593 4491 quae
626 4413 675 4472 est
704 4409 741 4472 de
771 4409 931 4492 particula
961 4429 1003 4472 aa
1038 4407 1072 4471 in
1103 4411 1241 4492 utroque

1065 4519 1081 4565 4
