3212 5088
438 373 443 381 .
599 325 639 388 77

42 519 121 604 lirini,
152 517 200 584 IX
227 518 290 583 175
322 519 425 601 capita
451 539 554 584 coram
592 517 744 605 (piscium
771 515 987 605 quorundam)
1018 539 1079 584 esse
1106 542 1204 584 ranae

42 628 171 690 uera-irae
192 627 324 710 similia,
351 627 486 708 reliquas
507 631 613 708 partes
638 627 818 710 potionum,
844 627 1008 692 branchias
1034 634 1074 690 al
1100 629 1204 692 celcris

36 734 177 812 placatam
200 753 303 818 neque
327 732 476 796 huonon
499 733 641 816 pertinet
664 731 726 796 XV
743 733 782 796 18
807 731 908 819 (oleo)
931 735 1091 798 malicalio
1113 734 1204 798 alias

39 845 68 901 al
86 842 169 923 ciac,
195 861 272 904 nam
302 837 347 901 sic
372 841 485 903 contra
500 837 633 902 codices
658 859 730 902 cum
753 837 902 903 Barbara
931 840 1029 904 scribi
1057 840 1204 924 postulat

41 945 210 1009 sententiae
233 944 329 1009 ratio.

121 1049 333 1116 Coniecturae
357 1049 548 1115 correctoris
572 1050 707 1115 debetur
730 1049 829 1114 etiam
852 1051 932 1116 illud
955 1057 995 1135 cl,
1019 1073 1081 1136 quo
1106 1052 1140 1114 in
1154 1050 1202 1115 X¹

39 1159 181 1240 copulata
205 1159 281 1222 sunt
303 1156 333 1222 V
335 1157 366 1221 II
393 1158 455 1220 162
483 1156 616 1220 nomina
643 1159 849 1237 eerrairaeala
876 1159 910 1220 et
938 1159 1075 1238 euerapla
1102 1179 1203 1222 recea-
1298 1185 1301 1192 ⁴

39 1265 141 1328 bairai
155 1285 275 1340 censam
299 1263 384 1348 quod
399 1284 594 1347 quamquam
608 1260 814 1327 Detlefsenus
838 1263 1006 1348 probavit,
1029 1285 1201 1347 persevero

38 1369 65 1432 iu
87 1393 122 1436 eo
147 1371 234 1456 quod
256 1371 323 1435 dixi
346 1369 407 1436 luc.
430 1392 461 1452 p.
482 1369 526 1433 45
550 1369 665 1433 ceteris
690 1368 867 1433 editoribus
891 1369 1081 1434 assentiens.
1126 1391 1202 1433 nam

38 1477 104 1559 quia
128 1479 241 1542 statim
269 1477 413 1561 sequItur
430 1496 582 1558 parcemus
609 1475 789 1558 caeacpla,
826 1477 894 1540 veri
923 1475 1124 1541 simillimum
1153 1480 1203 1540 est

38 1583 198 1647 librarium
222 1582 407 1667 quempiam
431 1581 517 1645 idem
539 1601 659 1645 nomen
682 1581 782 1645 etiam
805 1585 901 1645 antea
924 1604 983 1666 pro
997 1585 1202 1665 capreriraeala

38 1691 172 1771 positum
200 1711 270 1753 esse
292 1691 400 1752 ratum
428 1687 461 1751 id
489 1687 772 1772 superscripsisse,
804 1687 916 1752 deinde
941 1692 1050 1752 autem
1079 1692 1201 1753 utrum-

38 1817 89 1876 que
112 1796 147 1860 in
168 1798 293 1860 textum
317 1795 443 1860 venisse
467 1817 574 1859 errore
599 1793 772 1858 admodum
789 1794 918 1879 crebro,
942 1796 1030 1859 cuius
1055 1818 1072 1858 e
1095 1794 1200 1860 Plinio

37 1900 107 1967 haec
131 1924 319 1986 expromam
343 1903 547 1966 documenta:
583 1900 662 1965 XIII
686 1901 729 1964 46
753 1902 855 1966 iaceas
877 1902 999 1966 (batille
1021 1898 1111 1989 (Di),
1140 1901 1202 1966 XV

40 2008 93 2072 126
116 2009 313 2073 laceraverat
335 2014 363 2072 el
385 2030 401 2072 0
419 2013 541 2072 coemat
563 2005 598 2092 (a
608 2004 645 2094 ¹),
668 2005 698 2070 X
716 2006 779 2068 150
802 2009 907 2071 amaia
927 2011 1052 2091 peralba
1074 2006 1133 2094 (F2
1146 2008 1202 2093 R2,

36 2117 151 2192 (ferrarea
172 2117 261 2180 recte
285 2113 331 2199 a²,
354 2115 452 2179 ceteri
476 2112 610 2200 amaia),
633 2113 680 2178 XI
705 2113 747 2178 85
769 2115 821 2177 oia
843 2117 896 2178 aia
918 2112 1007 2200 (lu),
1030 2113 1113 2179 VIII
1140 2116 1201 2180 133

38 2219 206 2304 laarrpiaera
229 2223 396 2304 iraaalaera
419 2219 503 2310 (IV),
527 2220 574 2284 XI
598 2220 663 2284 221
688 2222 772 2284 tertie
789 2223 892 2301 porlio
917 2219 977 2307 (M,
1001 2221 1057 2283 ubi
1080 2244 1109 2285 v.
1133 2219 1201 2284 Mo-

36 2327 147 2412 ueum).
193 2310 392 2394 contrarium
416 2352 476 2393 usu
499 2327 589 2394 venit
611 2325 674 2390 XV
701 2327 734 2390 1:
757 2325 792 2388 M
814 2327 1016 2410 hispaniaque
1039 2333 1095 2390 aal
1116 2331 1202 2392 reete

38 2434 182 2519 servavit,
205 2434 290 2499 idem
314 2432 377 2499 fuit
399 2437 435 2500 in
457 2433 506 2499 X3
528 2440 585 2498 cal
607 2456 706 2518 supra
730 2434 867 2520 scripio,
891 2434 994 2498 sedin
1018 2433 1046 2497 D
1070 2455 1127 2516 que
1149 2434 1201 2496 de-

39 2539 159 2605 leudum
184 2563 255 2606 esse
278 2541 361 2606 falso
385 2542 514 2626 putavit
538 2545 708 2606 corrector.

118 2645 224 2712 Simili
255 2647 350 2712 modo
379 2651 514 2733 propter
540 2647 649 2712 luendi
675 2648 843 2712 notionem
866 2647 916 2712 X¹
941 2669 1038 2730 peaes
1065 2648 1202 2713 inseruit
1296 2729 1302 2736 ἱ

37 2751 110 2818 VIII
134 2756 173 2818 21
201 2805 231 2819 ..
252 2756 396 2836 dirasque
418 2755 562 2836 Pompeio
590 2774 668 2835 qaas
690 2755 742 2818 ille
764 2775 835 2819 raca
858 2755 918 2818 luit
933 2775 1073 2836 poenas
1099 2756 1203 2836 inpre-

37 2867 156 2926 carelar.
208 2862 264 2926 sed
291 2863 378 2926 diras
407 2863 440 2925 et
468 2862 527 2924 lail
549 2862 624 2942 apte
654 2861 745 2944 iungi
775 2883 872 2944 posse
902 2865 938 2926 ut
968 2861 1095 2926 credam
1122 2860 1203 2924 iacit

37 2963 92 3030 VII
116 2969 159 3032 46
184 2965 363 3053 (Agrippa)
387 2968 479 3031 laissc
501 2968 668 3050 caprariam
686 2970 876 3048 praeposteri
903 2967 1019 3032 raalalr'e
1046 2968 1202 3032 cristinia-

37 3076 87 3136 0οκ
141 3076 228 3138 recte
260 3096 337 3140 vero
370 3073 399 3138 X
430 3073 492 3138 153
523 3079 626 3156 pclare
658 3071 803 3138 additum
826 3073 966 3157 videtur,
999 3095 1070 3136 cum
1103 3074 1201 3137 etiam

36 3176 164 3244 Aristot.
179 3179 227 3244 VI
250 3181 271 3244 2
294 3204 324 3265 p.
339 3179 456 3264 5593,
480 3180 500 3243 2
525 3177 704 3258 φιλοπότης
727 3200 773 3243 τι(
797 3179 893 3243 dicat.
939 3166 1127 3263 saepissime
1150 3177 1202 3244 X¹

35 3305 84 3363 aaa
96 3286 148 3351 vel
172 3291 200 3350 el
213 3285 316 3350 aliave
340 3288 388 3351 ita
402 3286 550 3369 inseruit,
572 3288 609 3349 ut
623 3284 765 3349 dubitari
783 3285 901 3368 possit,
926 3284 982 3348 sed
995 3285 1076 3350 haec
1091 3286 1200 3349 omnia

36 3394 177 3477 persequi
199 3416 266 3458 non
289 3395 415 3458 attinet.
460 3392 541 3457 duos
564 3391 654 3456 locos
679 3389 771 3475 addo,
794 3391 829 3454 in
852 3391 968 3475 quibus
992 3391 1093 3456 miror
1117 3390 1202 3474 quod

37 3495 234 3564 Iletlefsenus
258 3505 473 3566 correctorem
500 3498 699 3582 inprobavit:
733 3496 781 3561 IX
807 3499 868 3562 107
897 3499 981 3581 oripo
1004 3502 1093 3578 alque
1117 3500 1201 3583 perci-

36 3607 98 3668 taa
121 3607 250 3672 coacbae
272 3603 549 3694 (margaritarum)
572 3603 624 3669 esl'
637 3603 715 3670 baal
736 3605 867 3668 maltam
890 3610 1058 3669 ostrearum
1082 3606 1201 3670 coactis

34 3711 210 3790 diffametis
234 3714 364 3798 scripsit
387 3736 445 3796 pro
469 3713 612 3792 different
634 3732 672 3774 ex
695 3709 856 3776 Harduini
879 3711 1062 3775 coniectura
1085 3733 1201 3794 parum

35 3815 198 3904 laudabili,
231 3821 282 3885 cui
314 3820 411 3905 longe
440 3823 586 3903 praestat
623 3817 865 3901 simplicissima
902 3817 1082 3882 emendatio
1119 3840 1200 3901 quae

35 3921 90 3988 fuit
118 3925 223 3990 inX1
247 3925 404 4010 differeris,
433 3947 510 3990 nam
537 3926 572 3990 in
598 3925 660 3990 hac
683 3925 925 4008 comparatione
953 3923 1201 4010 compendiaria,

35 4031 176 4111 quamvis
191 4033 313 4118 audaci,
327 4034 415 4098 iusta
427 4054 493 4098 non
508 4033 559 4096 est
573 4031 722 4114 offensio,
737 4033 770 4096 et
783 4031 816 4095 in
832 4030 992 4116 gallorum
1005 4029 1200 4117 laudatione,

35 4159 108 4219 quae
124 4142 174 4204 est
187 4137 218 4203 X
233 4139 275 4204 49
291 4140 325 4203 li
338 4140 539 4222 aepislralas
552 4144 672 4203 aoslrcs
685 4140 792 4206 cotidie
805 4142 913 4220 repara
934 4138 1098 4218 damasque
1111 4139 1201 4219 ipsis

34 4265 100 4310 errae
122 4247 272 4310 elucidaret
292 4251 349 4310 aut
369 4252 518 4330 reserarit,
541 4267 608 4308 non
631 4246 882 4330 magistratuum
905 4243 1030 4326 domus,
1053 4242 1109 4308 sed
1132 4246 1199 4328 gal-

35 4349 131 4416 lorum
146 4375 219 4416 cum
233 4349 382 4417 Strackio
397 4350 631 4436 intellegendae
646 4352 808 4437 videntur,
831 4353 881 4415 cui
903 4351 1080 4415 sententiae
1094 4353 1200 4435 magis
