3212 5088
658 424 700 488 53

90 619 177 684 oraui
198 622 232 685 iu
254 621 352 710 saleru
373 641 457 685 caseo
480 624 652 686 senescente.
700 620 734 683 in
756 618 817 683 Md
840 624 890 684 est
912 622 1014 699 detur,
1037 623 1072 685 in
1094 622 1124 686 a
1145 625 1266 688 caletur

89 729 192 792 ueaior
214 727 464 812 interpolatione
488 725 724 810 manifestata
742 727 857 792 ceteris
881 729 1008 806 nidum,
1028 729 1055 792 si
1075 729 1264 795 concludere

1 884 3 890 ,
89 833 167 897 licet
190 856 207 897 e
229 832 410 898 Detlet'seni
434 834 573 898 silentio
610 834 816 898 verissimum
840 839 890 899 est
913 837 1012 914 detur,
1035 858 1112 900 nam
1134 837 1263 919 pabulis

89 939 260 1004 admisceri
290 940 391 1004 salem
417 939 482 1004 nisi
509 961 548 1003 ex
575 938 648 1021 ipso
675 939 781 1006 Plinio
810 941 978 1026 sciremus,
1007 943 1061 1027 qui
1084 941 1196 1006 XXXI
1220 944 1261 1008 88

88 1045 204 1110 tradit:
228 1048 304 1128 quein
327 1052 356 1111 et
370 1048 500 1126 pecudes
521 1054 719 1129 cruentaque
741 1053 770 1112 et
796 1049 932 1112 incruenta
958 1049 1022 1113 sate
1044 1050 1178 1114 maciem
1204 1051 1262 1114 sct-

88 1154 250 1217 licitantur
290 1155 333 1217 cd
361 1159 485 1237 pastus,
514 1154 645 1219 militurn
674 1155 807 1238 turpiore
843 1155 918 1219 tacte
947 1156 1099 1237 multoque
1126 1157 1263 1238 pratiere

86 1262 180 1325 ctiam
209 1261 248 1324 in
275 1280 377 1325 caseo
403 1262 486 1339 dcte,
514 1259 636 1326 discere
665 1283 835 1343 possemus
859 1283 876 1323 e
899 1259 1037 1325 Palladii
1060 1261 1174 1325 Rutilii
1197 1260 1261 1326 XII

88 1367 144 1450 13,
168 1366 202 1430 3:
224 1367 301 1431 satis
324 1372 426 1432 tamen
449 1367 554 1432 aetra
576 1369 745 1451 conspersio
768 1368 814 1432 cel
835 1370 962 1450 pascuis
984 1369 1078 1433 rnista
1099 1369 1145 1432 aet
1167 1389 1260 1433 cana

1 1475 3 1483 ’
86 1473 167 1537 libus
187 1473 360 1555 frequenter
382 1474 485 1538 obtata
508 1475 591 1539 debet
605 1475 726 1557 pecoris
749 1473 848 1539 leuare
868 1475 1042 1554 fastidium.
1176 1533 1178 1536 ,

177 1575 259 1642 Cum
287 1577 350 1642 XV
375 1579 415 1643 16
445 1580 544 1643 codex
579 1581 757 1664 rescriptas
790 1580 942 1646 exhibeat
976 1583 1043 1646 sine
1078 1584 1260 1648 arcessita

83 1687 355 1769 commendatione,
378 1685 446 1750 eius
471 1687 664 1751 auctoritate
688 1709 821 1768 moveor
834 1691 871 1752 ut
893 1686 991 1750 velim
1014 1687 1114 1752 etiam
1137 1687 1218 1753 XIII
1229 1691 1259 1776 3,
1350 1703 1357 1714 '

83 1790 141 1855 nbi
157 1791 355 1874 optimorum
369 1792 527 1857 librorum
542 1790 687 1858 subsidio
709 1815 864 1878 caremus,
877 1781 947 1876 *pro
961 1795 1107 1858 uenata
1129 1797 1258 1860 restitui
1295 1797 1299 1804 ’

82 1903 112 1961 ct
133 1899 279 1963 arcessita
301 1901 569 1978 commendatione,
592 1923 668 1970 nam
682 1899 823 1964 Plinium
845 1901 878 1964 in
901 1899 961 1963 tali
982 1899 1145 1965 locutione
1168 1902 1258 1969 nullo

1 2075 2 2083 ¹
83 2005 264 2070 sententiae
288 2005 471 2070 discrimine
493 2008 579 2071 hune
602 2008 637 2071 in
651 2007 781 2072 modum
800 2006 943 2071 variasse
966 2028 1082 2089 parum
1097 2006 1258 2093 credibile,

1 2095 2 2108 ¹
81 2113 276 2195 praesertim
300 2135 373 2178 cum
396 2115 511 2188 ceteris
541 2114 785 2199 quoquelocis,
810 2112 985 2198 inquibus
1013 2112 1098 2176 idem
1121 2114 1256 2179 verbum

80 2218 254 2304 reperitur,
287 2243 325 2284 ea
351 2220 458 2286 forma
485 2221 595 2305 posita
623 2221 678 2304 sit,
715 2220 766 2284 cui
792 2219 827 2282 M
854 2217 946 2282 adest
972 2219 1066 2282 testis
1093 2219 1255 2303 locuples:

80 2325 196 2390 XVIII
219 2327 259 2391 21
285 2329 503 2393 elucescentibus
525 2331 558 2391 et
581 2327 692 2392 XXIX
719 2328 758 2391 18
786 2326 962 2408 arcessitur,
991 2346 1063 2388 cum
1091 2329 1166 2389 ante
1195 2325 1256 2392 sil-

78 2433 197 2518 ligium
224 2434 309 2498 male
331 2437 501 2520 ¹accersitur
527 2434 696 2519 vulgatum
723 2433 825 2514 esset3
853 2433 957 2494 restat
985 2430 1064 2495 XIX
1090 2433 1165 2516 110,
1197 2433 1254 2496 ubi

77 2541 179 2622 paulo
204 2542 269 2605 alia
292 2545 342 2606 est
364 2543 454 2607 verbi
479 2540 686 2626 significatio:
715 2539 835 2605 Melane
859 2587 865 2601 .
885 2587 892 2601 .
915 2557 1014 2601 renue
1041 2559 1078 2602 eu
1102 2560 1254 2620 procurra-

78 2649 161 2711 tione
187 2669 207 2711 a
237 2649 358 2713 Tiberio
388 2650 530 2730 principie
561 2648 803 2724 accersitum,
841 2666 1036 2728 quamquam
1064 2645 1163 2710 etiam
1200 2645 1253 2710 hic

77 2753 166 2836 apud
180 2755 439 2840 compilatorem,
463 2755 517 2840 qui
534 2755 668 2818 vocatur
682 2751 992 2836 Pseudoappuleius,
1006 2752 1070 2816 278
1095 2753 1252 2836 scriptum

76 2863 129 2924 est
156 2863 349 2946 arcersiturn,
387 2861 473 2947 quod
508 2861 580 2944 pari
607 2859 838 2943 probabilitate
866 2859 902 2923 in
928 2861 1097 2943 utramque
1124 2863 1251 2941 partem

74 2967 287 3050 interpretari
315 2969 401 3033 licet.
450 2971 592 3032 ceterum
620 2967 658 3031 de
685 2967 747 3031 hac
778 2966 957 3050 scripturae
981 2965 1170 3030 diversitate
1193 2964 1250 3032 cfr.

74 3095 160 3158 qnae
183 3072 409 3138 Fleckeisenus
433 3074 612 3159 disputavit
636 3075 741 3138 annal.
764 3071 823 3138 LX
847 3069 888 3158 (a.
902 3068 1015 3158 1850)
1039 3093 1070 3154 p,
1093 3071 1168 3137 256.

167 3179 248 3246 XIII
262 3180 305 3246 95
328 3181 523 3260 Ancorarius
541 3203 628 3247 utens
645 3186 770 3246 cecatur
785 3179 1002 3247 Mauretaniae
1024 3179 1078 3259 qui
1101 3179 1250 3243 laudatis-

73 3288 198 3351 sineauc
221 3288 304 3352 dedit
324 3290 452 3367 citrum,
475 3290 541 3359 iarn
563 3288 734 3353 exhaustus.
780 3287 813 3349 in
840 3285 876 3351 M
902 3286 953 3348 est
976 3285 1248 3369 laudatissimum,

73 3393 179 3457 multo
208 3394 481 3474 accommodatius
510 3395 551 3460 ad
578 3395 712 3460 verbum
741 3395 833 3476 dedit,
865 3414 941 3455 nam
967 3391 1092 3475 lignum
1121 3390 1247 3456 arboris

72 3499 290 3585 intellegitur,
313 3504 349 3564 nt
377 3500 456 3566 XVI
479 3503 560 3566 233:
582 3503 626 3566 sic
648 3502 758 3566 citrum
775 3499 960 3583 pretiosius
981 3499 1058 3579 fieri.

164 3605 244 3670 XIV
273 3607 315 3671 86
339 3609 468 3672 decana
488 3614 581 3690 parte
608 3630 706 3691 aquae
733 3608 840 3672 addita
867 3627 958 3689 quae
985 3605 1080 3669 ausu
1107 3626 1248 3686 cupresso

70 3715 122 3778 sit.
152 3712 197 3776 sic
220 3713 299 3778 olim
314 3714 411 3799 vulgo
435 3715 602 3799 edebatur,
625 3715 819 3780 recentiores
844 3736 860 3776 e
884 3713 1069 3778 coniectura
1090 3709 1246 3776 Urlichsii

71 3817 173 3906 (vind.
187 3815 268 3884 Plin.
282 3821 299 3884 I
312 3843 360 3884 nr.
374 3818 469 3908 238),
493 3822 547 3904 qui
570 3821 678 3886 codice
701 3821 736 3884 M
749 3821 892 3886 nondum
915 3820 1046 3883 invento
1065 3817 1245 3882 rectissime

70 3924 155 3990 vidit
178 3948 267 4005 quarn
290 3927 509 3992 necessarium
533 3951 618 4014 esse,
645 3951 739 4011 quarn
767 3932 841 4016 ante
868 3947 1048 4011 pronomen
1069 3924 1243 3988 relativum

1 4024 2 4027 ¹
69 4033 284 4096 inseruerunt.
308 4032 444 4098 sednon
467 4035 681 4117 spernendum
704 4033 790 4120 quod
812 4034 847 4099 M
861 4032 1003 4098 servavit
1024 4053 1119 4114 quani
1140 4033 1244 4113 rnusti,

70 4160 137 4222 quo
153 4140 332 4206 ceterorum
353 4139 511 4204 librorum
525 4141 676 4204 mendum
691 4141 788 4205 simul
802 4143 876 4224 apte
899 4142 932 4202 et
947 4137 1073 4203 tollitur
1087 4140 1120 4200 et
1143 4136 1243 4219 expli-

70 4247 174 4329 catur,
186 4245 392 4330 positumque
407 4248 457 4310 est
471 4245 583 4310 eodem
597 4269 671 4332 usu,
686 4269 749 4331 quo
765 4245 938 4312 Sallustius
953 4245 1021 4328 Iug.
1037 4245 1092 4321 63,
1107 4243 1128 4307 5
1149 4243 1242 4308 dixit:

68 4372 244 4434 senumque
266 4347 416 4438 (Marius)
439 4353 474 4416 in
491 4353 692 4434 potestatibus
713 4373 746 4417 co
760 4353 847 4417 ruodo
870 4352 1018 4435 apitabat,
1040 4354 1076 4414 nt
1093 4349 1242 4434 eruptione
1334 4397 1339 4402 -

69 4479 165 4546 pinara
187 4453 241 4544 (ea
265 4459 335 4521 erat
358 4455 470 4543 quam)
490 4458 622 4543 peretot,
650 4461 762 4546 dunas
784 4459 956 4538 trebuetur,
984 4457 1039 4524 ubi
1063 4455 1119 4522 cfr.
1142 4456 1240 4522 inter-
