3212 5088
834 334 988 431 Q

412 527 613 594 Insectorum
642 550 759 614 genera
792 531 1012 614 descripturus
1036 528 1160 593 Plinius
1187 547 1339 613 magnam
1363 528 1440 595 dicit
1462 531 1500 594 111

322 635 374 698 his
394 636 490 700 rebus
508 640 644 700 naturae
663 637 879 701 subtilitatem
898 659 983 721 esse3
1003 637 1123 700 multos
1143 636 1228 699 enim
1252 635 1383 700 insectis
1403 635 1499 720 spiri-

323 743 393 805 tum
413 742 604 828 eosdemque
624 745 815 830 sanguinem
834 765 904 808 esse
922 765 1055 828 negare:
1072 742 1167 806 ‘unde
1181 763 1387 807 numerosam
1402 765 1498 826 quae·

325 848 466 913 stionum
482 851 596 915 seriem
612 851 750 916 exoriri'.
766 852 833 914 eius
849 852 936 916 modi
952 851 1177 935 quaestionum
1193 849 1373 934 exemplum
1383 850 1498 914 deinde

323 956 416 1037 ponit
442 957 518 1023 hoc:
545 957 592 1022 XI
621 960 641 1021 6
673 959 765 1024 iidem
789 960 871 1023 1111
893 964 922 1024 et
943 979 1042 1022 ooceru
1065 977 1127 1022 esse
1148 957 1198 1022 bis
1219 962 1333 1038 uepuut
1354 957 1388 1020 iu
1411 961 1498 1020 tauto

323 1083 480 1128 murmure
502 1065 618 1148 opium,
640 1067 817 1130 cicadarum
840 1087 913 1131 souo
936 1071 969 1129 el
991 1067 1047 1130 uli
1052 1087 1073 1130 1
1095 1085 1186 1146 quoe
1207 1064 1273 1127 suis
1292 1063 1498 1128 aestimabun-

324 1173 375 1233 tur
399 1171 480 1234 locis,
503 1171 550 1234 ita
574 1172 659 1236 enim
684 1176 733 1236 est
757 1173 790 1236 in
816 1173 918 1258 libris,
943 1173 998 1236 sed
1021 1175 1088 1238 ulio
1112 1173 1189 1236 olim
1212 1170 1321 1234 nescio
1342 1194 1361 1234 a
1379 1173 1498 1256 quo‘iu

323 1277 396 1340 ultis
416 1280 578 1342 mutatum
598 1283 648 1342 est
662 1279 757 1363 idque
772 1301 830 1362 per
844 1277 956 1344 omnes
972 1279 1122 1362 deinceps
1138 1278 1295 1342 editiones
1310 1276 1498 1360 ambulavit,

323 1383 423 1448 donec
441 1382 647 1451 Detlefseuus
667 1386 751 1450 hanc
770 1387 943 1452 verborum
964 1385 1190 1450 traiectionem
1210 1384 1357 1448 adhibuit
1375 1390 1404 1448 et
1419 1405 1499 1465 quoe

324 1490 507 1573 (illaquam
525 1488 670 1578 Silligius
690 1493 875 1558 dubitanter
893 1496 1118 1575 proposuerat.
1147 1513 1210 1574 qua
1229 1491 1305 1574 quid
1323 1489 1499 1574 profecerit

322 1617 389 1661 non
412 1596 516 1682 video,
539 1619 642 1682 neque
666 1599 752 1662 enim
774 1599 898 1664 Plinius
923 1597 1105 1682 significare
1134 1597 1238 1662 voluit
1260 1601 1388 1680 praeter
1411 1619 1498 1660 mur-

323 1726 395 1768 mur
425 1704 535 1786 apium
568 1707 600 1768 et
633 1704 814 1768 cicadarum
848 1727 963 1770 sonum
996 1706 1094 1770 etiam
1123 1705 1187 1768 alia
1211 1727 1281 1768 esse
1306 1705 1499 1788 argumenta

323 1809 447 1895 idonea,
471 1811 586 1894 quibus
611 1811 721 1894 opinio
745 1812 802 1875 illa
825 1812 879 1876 vix
903 1811 1066 1876 credibilis
1090 1811 1304 1876 refelleretur:
1327 1832 1401 1893 pam
1425 1812 1498 1873 tum

323 1917 544 1982 iudicabuntur
566 1919 618 1982 vel
636 1919 773 1983 diceretur
791 1917 976 2013 ponendqm
995 1921 1066 1982 erat
1082 1932 1143 2004 'pro
1162 1917 1412 1994 aestimatorum,
1433 1939 1498 2000 quo

327 2024 426 2088 verbo
450 2022 573 2088 Plinius
593 2047 665 2090 cum
683 2024 891 2090 iudicandi
913 2025 1046 2090 notione
1065 2025 1113 2088 uti
1133 2025 1216 2090 solet
1234 2021 1304 2109 (cfr.
1321 2046 1395 2088 mox
1414 2026 1434 2104 ξ
1456 2025 1498 2086 12

323 2131 516 2196 assiduemus
537 2136 645 2212 posteo
671 2132 837 2222 inperium,
865 2129 928 2194 XII
963 2129 1117 2195 811111
1141 2130 1192 2194 95.
1216 2121 1322 2194 XXIX
1346 2131 1397 2194 28.
1419 2129 1498 2193 XIX

324 2235 376 2300 30.
400 2237 452 2301 57.
475 2237 576 2321 praef.
600 2239 629 2302 6.
654 2236 719 2301 VII
741 2239 793 2302 43.
819 2237 891 2302 145.
918 2237 991 2301 147.
1013 2235 1095 2300 XIII
1118 2236 1169 2300 95.
1193 2235 1225 2300 Π
1247 2239 1295 2302 13.
1315 2237 1365 2302 65.
1384 2235 1496 2300 XVIII

325 2344 352 2406 1.
377 2343 428 2408 27.
452 2343 504 2428 56,
533 2345 628 2409 multi
655 2344 718 2407 loci
748 2341 827 2430 alii).
865 2365 946 2426 quae
969 2344 1060 2407 notio
1083 2343 1147 2407 nisi
1171 2343 1320 2408 subesset
1343 2347 1438 2427 atque
1461 2343 1497 2404 in

323 2448 385 2515 hoc
416 2451 650 2515 sententiarum
679 2449 789 2514 ordine
817 2472 919 2533 paene
947 2451 980 2514 in
1014 2450 1211 2516 refutandi
1238 2451 1304 2514 vim
1331 2449 1496 2532 transiret,

324 2559 401 2639 apta
425 2557 584 2621 sententia
602 2559 752 2620 carerent
776 2557 874 2621 verba
898 2557 1051 2622 contiuuo
1075 2556 1251 2640 sequentia,
1272 2577 1354 2638 quae
1374 2556 1495 2620 causali

322 2683 407 2726 nexu
440 2664 602 2728 artissime
634 2663 811 2748 iunguntur
844 2686 916 2728 cum
948 2664 1010 2728 hac
1042 2667 1131 2728 reeta
1165 2662 1391 2728 aestimatione
1413 2662 1444 2725 h.
1469 2683 1495 2726 e.

323 2767 518 2835 refutatione
537 2770 668 2834 illorum
688 2793 842 2835 errorum.
870 2770 979 2854 itaque
993 2771 1059 2835 eliu
1073 2770 1197 2834 Plinius
1216 2768 1377 2833 intellexit
1395 2768 1494 2832 alios

324 2897 489 2962 errores,
514 2877 554 2940 ad
577 2900 658 2961 quos
682 2900 721 2941 ex
744 2878 843 2942 uerbo
866 2883 980 2961 uepuut
1001 2877 1100 2942 tacite
1125 2875 1268 2960 suppleri
1286 2873 1391 2940 voluit
1408 2873 1493 2938 affir-

323 2983 481 3048 mativum
509 2984 639 3068 aliquod
667 2985 803 3050 verbum
833 2984 959 3048 dicendi
987 2983 1072 3048 hunc
1100 2985 1134 3047 in
1154 2982 1306 3048 modum:
1331 2979 1438 3044 ‘iidem
1461 2983 1493 3043 et

323 3109 436 3154 vocem
468 3111 537 3154 esse
565 3090 618 3154 his
645 3095 767 3176 negant
794 3093 827 3155 et
851 3091 916 3154 alia
943 3090 1113 3174 proferunt
1141 3113 1208 3156 nou
1230 3090 1336 3154 miuus
1360 3085 1491 3152 ineredi-
1525 3141 1528 3144 .

323 3195 411 3274 bilia,
444 3217 525 3279 quae
559 3197 625 3260 suis
659 3197 918 3284 aestimabuntur
945 3197 1040 3279 locis3
1067 3219 1143 3261 uam
1166 3196 1247 3260 mihi
1271 3195 1437 3261 contuenti
1460 3217 1492 3260 se

323 3302 487 3385 persuasit
509 3323 616 3366 rerum
639 3306 758 3368 natura
780 3303 862 3368 nihil
880 3303 1069 3369 incredibile
1087 3302 1272 3367 existimare
1291 3302 1329 3367 de
1349 3301 1406 3368 ea'
1429 3323 1493 3366 non

325 3408 468 3472 diffiteor
491 3409 637 3492 equidem
661 3411 864 3496 neglegentis
889 3410 1058 3494 scriptoris
1083 3431 1152 3474 esse
1172 3412 1368 3474 structuram
1386 3410 1493 3492 talem,

324 3515 380 3580 sed
402 3516 437 3580 in
459 3517 602 3581 naturali
625 3517 764 3582 historia
788 3518 858 3602 quis
877 3519 997 3602 ubique
1017 3517 1085 3582 stili
1104 3517 1309 3601 diligentiam
1327 3515 1492 3600 requirat?

215 3669 217 3672 -
322 3643 425 3706 neque
450 3622 588 3686 alienam
621 3646 690 3688 esse
724 3647 795 3688 cam
826 3624 1016 3689 aPliuiano
1049 3644 1165 3709 genere
1189 3622 1314 3687 dicendi
1336 3623 1492 3707 probatur

322 3729 363 3794 iis
396 3752 478 3814 quae
506 3752 525 3793 a
554 3728 775 3816 Grasbergero
800 3732 838 3796 de
861 3755 922 3796 usu
944 3730 1093 3794 Pliniano
1123 3751 1153 3812 p.
1183 3731 1237 3794 17·
1253 3751 1320 3812 sqq.
1345 3733 1377 3792 et
1401 3753 1420 3793 a
1443 3751 1491 3794 me

322 3834 383 3899 lue.
406 3857 437 3918 p.
461 3836 503 3898 92
527 3836 676 3918 exposita
700 3842 783 3902 sunt.
806 3841 975 3922 practerea
998 3836 1054 3900 cfr.
1073 3834 1104 3898 X
1118 3837 1161 3899 32
1175 3837 1353 3901 Aristoteles
1370 3842 1491 3920 ceput:

321 3962 384 4006 111
402 3941 535 4006 Hercule
550 3944 650 4024 ruopr's
669 3965 762 4026 quum
780 3946 815 4008 11
830 3944 966 4028 Aepppto
980 3944 1064 4023 ibim,
1074 3944 1127 4008 sed
1139 3944 1228 4008 illum
1242 3945 1491 4008 caesurlotr'oneur

258 4082 260 4086 ·
323 4069 400 4130 quae
421 4067 509 4130 saepe
531 4049 1028 4132 1111111·1111111111111113
1050 4069 1111 4113 osse
1135 4046 1250 4135 (dicit),
1272 4047 1334 4112 XX
1359 4049 1430 4114 192.

250 4153 253 4156 ’
329 4193 331 4200 ›
410 4152 472 4217 XV
497 4153 547 4236 13,
569 4154 626 4218 ubi
654 4154 812 4220 olivarum
841 4155 1095 4240 colligendarum
1126 4158 1275 4239 tempora
1302 4155 1490 4238 indicantur,

322 4261 472 4346 legimus:
495 4261 603 4341 prime
636 4282 704 4343 erpo
736 4261 774 4324 ab
806 4266 954 4325 uutuuruo
982 4263 1159 4344 collipitur
1187 4263 1261 4326 rit-io
1289 4283 1403 4345 operae,
1431 4282 1490 4326 111

321 4372 459 4444 acturae,
485 4367 579 4448 posia
606 4369 657 4432 cui
682 4368 858 4449 plurimum
883 4370 1091 4447 cerularum
1118 4369 1491 4453 erubesceretur
