3212 5088
918 355 961 418 46

355 553 457 634 facile
478 554 544 620 siue
566 551 723 634 impendio
742 571 757 615 e
779 551 895 632 quibus,
916 545 968 616 ‘cui
993 549 1020 613 si
1040 548 1114 632 plus
1134 549 1208 613 fidei
1226 548 1412 614 habendum
1430 550 1526 630 esset,

356 659 501 724 conicere
519 657 651 723 mallem
669 659 803 722 iuocuta
822 658 888 738 faci
894 658 904 721 I
910 678 925 720 c
942 676 979 718 ac
996 657 1062 719 siue
1081 655 1224 736 inpendio
1242 661 1271 718 ct
1289 678 1305 720 c
1327 655 1438 738 quibem
1451 655 1526 718 uiui·

356 786 442 842 mus;
471 787 556 830 nunc
583 765 684 829 verba
711 764 872 830 inmutata
900 762 1109 847 relinquenda
1131 765 1222 826 ratus
1247 761 1294 826 sic
1315 762 1526 844 interpretor:

356 871 490 938 inventu
508 871 621 936 facilia
641 893 678 935 ae
698 870 767 936 sine
786 870 940 954 inpendio
960 872 992 932 et
1011 865 1058 952 (in
1073 868 1114 932 iis
1128 865 1238 952 rebus)
1252 867 1370 950 quibus
1384 866 1525 932 vivimus

357 973 586 1062 (invenienda),
616 981 652 1041 ut
673 999 739 1042 non
763 975 961 1042 accensenda
989 977 1055 1040 sint
1084 974 1113 1039 ei
1141 974 1251 1058 generi
1275 973 1525 1056 enuntiatorum,

357 1085 396 1148 de
424 1105 486 1167 quo
516 1084 654 1168 agilaus.
681 1083 788 1166 prima
817 1085 950 1165 aspectu
977 1081 1088 1144 fallaci
1117 1081 1289 1145 verborum
1314 1078 1524 1144 similitudine

357 1189 558 1254 luderemus
585 1188 681 1252 facile
708 1191 847 1272 possunt
874 1211 912 1252 ea
939 1187 1096 1270 exempla,
1124 1187 1158 1252 in
1186 1186 1302 1270 quibus
1330 1185 1525 1250 adiectivuur

359 1298 392 1360 et
408 1315 588 1380 pronomen
606 1295 778 1358 relativum
799 1295 839 1359 ad
858 1315 1027 1360 commuue
1042 1313 1161 1358 nomeu
1175 1293 1346 1376 pertinent,
1361 1293 1416 1355 sed
1431 1313 1524 1356 suurn

361 1402 475 1486 cuique
498 1423 617 1466 nomen
640 1401 818 1484 separatim
841 1400 1039 1486 cogitatione
1064 1399 1138 1464 addi
1161 1399 1338 1482 postulent,
1360 1401 1396 1460 ut
1418 1396 1526 1460 XXXI

360 1508 402 1574 36
430 1511 502 1572 autc
529 1508 634 1570 amaia
661 1509 852 1572 damuautur
879 1504 1010 1593 (aquae)
1039 1526 1166 1570 arrcarae
1192 1510 1220 1570 at
1246 1501 1332 1592 (eae)
1363 1525 1440 1585 arrae
1460 1525 1526 1567 scr-

359 1614 474 1678 beutem
501 1614 605 1676 statim
633 1613 751 1694 iicpleut
778 1615 810 1676 et
839 1611 933 1675 XVII
963 1613 1026 1675 238
1050 1612 1213 1693 pleraeque
1241 1615 1341 1674 tamea
1364 1606 1526 1695 (arbores)

360 1741 423 1783 ucu
446 1718 587 1782 arcuatus
609 1713 813 1804 (radicibus),
836 1719 889 1782 scd
914 1719 1061 1781 caecicatis
1083 1723 1139 1780 aut
1162 1714 1231 1802 (iis)
1255 1738 1332 1797 qliae
1354 1721 1425 1780 suut
1449 1716 1528 1778 iuter

359 1826 432 1890 illae
454 1825 562 1888 citatas
584 1825 709 1888 abscide
731 1824 915 1902 uacriuutur,
938 1825 994 1888 ubi
1018 1825 1057 1888 de
1085 1823 1262 1890 indicativo
1290 1846 1356 1888 non
1378 1821 1529 1886 dubitan-

361 1933 446 1995 dum.
467 1929 630 1994 Interdum
649 1929 730 1992 talia
749 1929 896 1993 difficilia
915 1933 991 1994 sunt
1009 1930 1196 2012 diiudicatu,
1209 1933 1247 1992 ut
1259 1927 1354 1993 XVII
1366 1930 1418 2011 48,
1432 1949 1530 2012 quem

360 2038 469 2102 locum
483 2034 678 2101 recentiores
694 2057 804 2098 omnes
820 2035 877 2098 alii
891 2036 987 2100 aliter
1002 2036 1293 2100 conformaverunt.
1308 2033 1393 2120 apud
1406 2034 1533 2098 Detlef-

363 2165 476 2208 senum
499 2141 605 2206 forma
636 2143 685 2204 est
707 2140 800 2206 haec:
828 2143 928 2206 amuis
946 2147 1049 2206 autem
1071 2163 1181 2225 mama
1199 2147 1287 2206 arata
1306 2141 1457 2205 iuicieuda
1479 2147 1533 2204 est.

361 2255 397 2314 ut
414 2251 665 2315 medicamentum
683 2249 840 2330 rapiatur,
859 2254 887 2311 ct
903 2250 1012 2330 fimum
1026 2251 1177 2314 desiderat
1193 2247 1533 2331 auautuiumcumque,

358 2358 463 2438 ummo
482 2357 555 2438 ptus
577 2376 688 2436 aspera
710 2360 832 2435 atquae
849 2357 885 2420 iu
902 2355 1010 2420 herbas
1028 2377 1090 2420 uau
1109 2356 1287 2437 efficimitur.
1307 2355 1341 2419 in
1354 2353 1406 2418 his
1420 2355 1534 2435 fiai-um

361 2464 482 2526 temere
513 2465 693 2526 correctum
722 2464 772 2525 est
800 2461 835 2524 in
862 2458 916 2545 Di,
944 2463 1043 2525 ceteri
1070 2461 1147 2526 libri
1173 2461 1297 2526 habent
1317 2462 1395 2543 fimi.
1418 2482 1534 2525 omnes

366 2571 475 2631 autem
493 2567 762 2648 quamcumquae,
783 2589 843 2650 pro
863 2589 924 2650 quo
945 2569 1043 2653 vulgo
1062 2569 1291 2650 alimruutulum
1308 2587 1393 2649 quae,
1413 2565 1534 2630 alano

362 2673 591 2755 aliquantulum
622 2695 756 2754 arcaeque
788 2673 945 2757 scriptum
979 2677 1036 2738 est.
1063 2672 1247 2739 Urlichsius
1275 2673 1360 2738 vind.
1389 2671 1473 2736 Plin.
1503 2671 1536 2735 Π

361 2803 393 2844 n.
417 2779 480 2843 309
504 2779 538 2843 id
556 2780 698 2861 probans
718 2781 851 2864 insuper
871 2781 970 2844 etiam
989 2802 1072 2845 auria
1091 2780 1239 2865 inseruIt,
1256 2784 1293 2846 ut
1312 2783 1397 2844 esset
1415 2784 1443 2842 et
1464 2781 1537 2861 fimi

362 2881 514 2950 desiderat
543 2885 772 2965 atiquautulum
803 2909 886 2950 auua
918 2908 1052 2968 quaeque
1076 2889 1196 2972 prima,
1222 2889 1296 2970 plus
1332 2907 1442 2970 aspera
1479 2888 1537 2950 rel.

364 2990 517 3074 quidquid
541 3014 600 3074 pro
624 3014 700 3057 vero
722 2992 891 3076 habemus,
909 2993 972 3056 hoc
991 2993 1072 3056 mihi
1091 2993 1218 3058 videtur
1237 2998 1386 3059 constare
1406 2998 1538 3057 senten-

363 3096 445 3160 tiam
469 3097 515 3161 sic
539 3097 762 3182 explicandam
787 3121 870 3162 esse:
887 3099 962 3181 plus
985 3098 1069 3185 (fimi
1093 3100 1267 3186 desiderat)
1290 3121 1400 3182 aspera
1417 3105 1447 3164 et
1466 3097 1538 3186 (ea)

363 3221 440 3284 quac
466 3205 501 3266 iu
528 3203 635 3270 iarbae
661 3227 724 3270 uau
751 3206 933 3289 effuuditm,
963 3210 999 3270 ut
1027 3207 1089 3270 duo
1118 3228 1238 3292 genera
1261 3228 1394 3292 margae
1418 3205 1538 3270 distin-

364 3312 516 3394 guantur,
553 3311 638 3394 quod
673 3311 773 3376 etiam
804 3309 1035 3396 Dalecampius
1068 3313 1229 3378 intellexit
1261 3313 1421 3380 coniciens
1454 3334 1539 3394 querc

359 3419 464 3500 primo
490 3418 566 3498 pius
596 3419 677 3483 iusta
706 3438 816 3500 aspera
847 3424 891 3483 est
921 3424 1080 3499 atquae..
1103 3440 1167 3482 uou
1189 3419 1367 3498 effuuditur.
1392 3420 1541 3484 obscura

364 3527 415 3586 est
433 3523 532 3587 etiam
550 3524 631 3588 haee
650 3525 825 3588 sententia:
844 3523 924 3588 VIII
947 3526 1006 3588 191
1028 3522 1132 3611 (lana)
1151 3526 1294 3590 Histriae
1307 3527 1543 3607 Isiburuiaeque

358 3629 427 3710 pito
444 3631 592 3712 proprior
614 3651 708 3711 quam
732 3631 830 3707 iaaac,
848 3632 938 3712 percis
961 3631 1065 3694 alicua
1086 3631 1216 3694 uestibus
1239 3637 1382 3713 utquam
1405 3632 1541 3714 Salacia

364 3737 512 3802 scutarium
546 3741 626 3800 teatu
659 3737 848 3802 ceruumudat
873 3740 908 3801 iu
935 3737 1111 3801 Lusitauia.
1146 3738 1270 3822 ambigi
1297 3740 1406 3821 potest
1433 3741 1543 3822 perti-

363 3845 502 3906 neantne
531 3844 631 3907 verba
651 3845 741 3924 pects
768 3844 874 3907 alicua
900 3843 1029 3908 uestibus
1053 3843 1093 3906 ad
1116 3843 1225 3908 Ianam
1249 3841 1395 3906 Histriae
1418 3842 1544 3909 Libur-

365 4035 568 4090 affirmantibus
586 4036 667 4090 nobis
686 4036 790 4090 sufficit
807 4036 915 4104 aliquot
933 4035 1097 4106 apposuisse
1116 4036 1244 4105 exempla
1263 4037 1346 4105 cartu,
1365 4038 1545 4106 negantibus

365 4141 430 4178 vero
451 4125 543 4178 omnia
562 4126 694 4179 contrarii
711 4143 776 4178 usus
795 4142 845 4194 per
864 4142 959 4178 omnes
983 4124 1072 4176 libros
1089 4124 1296 4178 accuratissime
1316 4125 1492 4181 observanda
1515 4135 1547 4183 et

364 4213 394 4266 in
416 4229 546 4267 numeros
571 4213 755 4266 consectanda
779 4215 849 4266 sunt.
875 4229 944 4279 quae
964 4211 1077 4280 quidem
1096 4213 1253 4267 observatio
1273 4212 1353 4266 ardui
1371 4215 1414 4267 est
1432 4219 1544 4284 operis,

365 4301 394 4354 in
418 4303 499 4354 tanta
523 4300 688 4370 praesertim
713 4300 897 4370 amplitudine
923 4302 1057 4356 naturalis
1083 4302 1225 4368 historiae,
1253 4301 1300 4354 sed
1325 4304 1493 4374 necessaria,
1519 4308 1544 4360 si

365 4405 461 4443 rerum
479 4389 571 4442 facere
590 4387 723 4442 iudicium
741 4389 878 4444 volumus.
