3212 5088
663 302 705 367 25
811 299 814 306 ’

95 491 263 590 (Caesaris
279 493 393 583 equus)
416 497 530 560 similis
541 496 688 564 lumauis
701 499 787 580 pedes
799 501 921 580 priores
933 500 1074 566 latu-isse
1097 499 1272 588 (traditur),

94 604 134 665 ut
157 599 363 666 Detlefsenus
390 605 477 667 recte
508 624 580 667 cum
610 601 651 668 Fi
673 602 716 668 R2
744 605 843 670 edidIt
870 629 929 689 pro
957 605 1104 690 16161616,
1133 611 1190 672 aut
1215 629 1274 690 per

95 708 227 791 ellipsin
259 709 481 794 genetivum
513 715 666 795 usurpat,
703 711 793 776 cuius
826 712 953 796 generis
990 712 1157 778 duodecim
1199 718 1275 778 sunt

95 816 245 900 exempla
275 817 367 881 haec:
401 815 432 880 V
463 817 503 880 14
528 817 653 898 frorirles
682 820 824 901 alpressi
849 820 976 897 similes,
1010 818 1091 884 VIII
1121 821 1184 884 124
1211 817 1273 906 (ta-

94 920 216 986 randro
240 920 303 1009 est)
326 924 419 988 eillus
443 975 471 988 ..
495 926 592 989 asiui
614 926 740 1003 similis,
764 924 898 989 111256
923 922 1026 1011 (iynx)
1051 927 1273 1009 1666661661-

86 1029 251 1109 peulium
273 1030 405 1094 similem
425 1081 431 1094 .
448 1081 454 1094 .
471 1032 620 1114 porripil,
643 1031 705 1098 XV
729 1033 771 1096 89
796 1033 887 1095 tertia
908 1029 947 1095 ab
969 1032 1017 1096 Iris
1035 1037 1152 1096 661616
1170 1055 1274 1116 66169-

94 1135 179 1201 dalis
202 1137 342 1214 tenuiorev
358 1139 411 1201 sed
432 1139 530 1202 simili
543 1139 755 1222 iuplaudium
776 1158 896 1203 sumruo
918 1139 1114 1221 operiraeulo,
1137 1139 1215 1204 XVI
1230 1142 1274 1205 40

96 1241 206 1328 (picea
231 1239 387 1328 resinam)
409 1246 584 1326 plurimam
610 1247 717 1327 suadit
742 1247 957 1311 iuleroeuieule
983 1246 1116 1310 candida
1145 1267 1273 1328 pemma,

96 1356 162 1414 lam
184 1350 282 1414 simili
305 1352 410 1430 luris,
442 1357 477 1417 61
498 1354 598 1416 mimia
619 1354 688 1418 6166
711 1353 844 1417 discerni
865 1373 929 1416 666
950 1358 1053 1434 queat,
1080 1351 1123 1415 ib.
1146 1352 1189 1415 46
1214 1349 1273 1438 (Ia-

94 1452 189 1542 riois)
213 1457 331 1538 lipuum
355 1457 480 1524 abietis
501 1460 651 1543 similius,
674 1459 752 1522 XIX
778 1459 818 1522 14
842 1456 963 1545 (frutex
982 1479 1076 1542 quem
1095 1459 1274 1542 gossypion

95 1561 230 1651 vocant)
256 1583 372 1646 pamas
403 1570 447 1628 esl
474 1567 665 1648 similemque
695 1567 840 1631 barbarae
866 1566 970 1629 aucis
1001 1566 1139 1645 sruclum
1171 1567 1274 1646 defert,

95 1670 193 1735 XXII
207 1671 248 1734 97
264 1668 452 1755 (fungorum
467 1669 570 1758 colos)
584 1672 822 1738 1616111666661
835 1677 1048 1754 arpumeulum
1067 1694 1126 1754 quo
1141 1673 1275 1738 similior

92 1779 193 1859 firmil
215 1779 392 1861 arborum,
417 1779 445 1842 si
468 1779 596 1862 quidem
610 1783 697 1843 recte
713 1779 860 1843 sehabet
882 1778 961 1842 11666
976 1775 1155 1843 Detlefseni
1170 1801 1274 1844 emen-

95 1883 202 1966 dario,
229 1883 321 1948 XXV
348 1885 408 1948 157
434 1883 568 1970 (acoron
590 1885 714 1950 radices
738 1883 851 1970 habet)
874 1885 990 1950 similes
1012 1886 1136 1968 iridis,
1164 1885 1274 1950 XXVI

95 1992 141 2056 58
164 1991 311 2072 polypodi
338 2019 371 2054 .=.
398 1993 510 2057 similis
545 1993 658 2074 filicis
689 1992 781 2056 radia
808 1987 901 2076 (est),
937 1989 1064 2056 XXVII
1094 1993 1135 2055 14
1171 1989 1274 2076 (aloes

95 2097 199 2162 caulis
224 2093 286 2184 661)
309 2119 372 2163 aea
394 2100 554 2164 dissimilis
576 2097 748 2175 aullcrici,
771 2095 894 2162 XXXV
916 2099 979 2161 142
1002 2100 1090 2162 cuius
1112 2095 1209 2182 (Nili)
1232 2103 1276 2162 csl

95 2225 182 2286 aqua
208 2207 320 2269 maris
348 2205 473 2284 similis,
501 2205 557 2270 ubi
580 2204 610 2268 R
632 2204 767 2288 praebet
794 2204 884 2267 mari.
935 2202 1132 2286 reliquorum
1156 2205 1199 2267 22
1226 2204 1273 2267 16-

96 2333 210 2377 66111111
238 2311 346 2375 decem
377 2311 520 2395 deleta,
548 2313 614 2375 tres
644 2309 778 2374 addita
804 2309 915 2372 littera
941 2329 970 2392 s,
998 2330 1079 2391 quae
1106 2309 1189 2374 falso
1218 2314 1275 2375 aut

95 2418 150 2482 bis
174 2421 230 2481 aut
253 2417 351 2482 semel
375 2419 497 2502 scripta
520 2421 602 2503 erat,
625 2417 778 2482 facillime
802 2413 1019 2479 emendantur.
1027 2413 1066 2502 l⁰)
1107 2415 1274 2480 delenda

94 2523 199 2608 igitur
221 2525 272 2588 eet
294 2523 442 2590 litteras
464 2524 542 2609 (quo
561 2524 702 2589 remedio
726 2525 791 2588 iam
814 2522 913 2586 lanus
931 2544 1009 2586 usus
1035 2525 1084 2586 est
1107 2523 1186 2588 XIV
1202 2525 1273 2607 128,

95 2630 155 2694 ubi
180 2629 324 2716 Silligius
349 2656 386 2698 ex
410 2631 463 2697 Dd
485 2635 650 2715 receperat
673 2632 841 2696 lilumiuis
863 2630 989 2712 similis,
1013 2652 1187 2713 omnesque
1211 2631 1274 2695 edi-

94 2741 187 2802 tores
210 2741 404 2805 recentiores
433 2743 640 2805 correxerunt
666 2738 813 2802 1111155
844 2738 918 2800 larii
945 2740 1058 2801 contra
1080 2735 1145 2801 MR
1173 2741 1205 2801 et
1232 2739 1274 2808 ib.

95 2845 143 2908 58
166 2846 275 2909 radici
297 2845 494 2934 6611116Μ),
524 2847 665 2930 primum
688 2845 722 2909 in
744 2843 795 2908 his
823 2842 1004 2927 participiis
1027 2842 1074 2907 XI
1099 2845 1160 2908 147
1191 2866 1274 2908 mar-

95 2952 204 3016 centis
230 2953 343 3017 similis
370 2957 403 3018 61
430 2954 477 3018 XI
506 2956 548 3019 82
576 2954 720 3034 aliudque
752 2952 877 3034 aperilis
907 2951 1035 3029 similis,·
1067 2950 1275 3015 inveniuntur

96 3057 186 3122 enim
213 3063 381 3142 praeterea
403 3061 471 3126 eius
496 3060 583 3126 modi
610 3059 856 3144 participiorum
879 3060 967 3122 certa
986 3058 1132 3140 exempla
1153 3058 1275 3122 dativi

96 3166 209 3229 decem
237 3163 283 3250 (Il
310 3167 380 3232 168.
408 3168 438 3233 V
462 3170 513 3233 98.
541 3167 622 3232 VIII
646 3166 698 3231 56.
724 3165 771 3229 IX
795 3166 846 3229 21).
877 3166 948 3230 127.
976 3163 1150 3228 111663.
1179 3163 1274 3227 XVII

95 3273 174 3336 210.
197 3271 274 3336 XXI
292 3274 341 3338 18.
364 3273 472 3337 XXXI
488 3273 557 3357 21),
581 3297 598 3337 6
618 3273 734 3356 quibus
752 3273 868 3336 saltem
882 3271 912 3336 V
927 3273 969 3336 98
987 3272 1157 3354 1661616611
1171 3273 1274 3335 ursaria

95 3378 212 3443 slmilis
240 3378 327 3442 haud
354 3379 449 3444 facile
476 3380 645 3464 quisquam
669 3382 855 3461 corruptum
885 3377 1019 3460 dixerit3
1047 3379 1145 3440 etiam
1169 3377 1274 3462 magis

96 3507 176 3549 vero
201 3507 220 3548 a
243 3485 494 3568 depravationis
508 3486 689 3569 suspicione
704 3488 799 3550 vacat
822 3485 988 3568 pluralis
1013 3483 1141 3548 dativus
1165 3483 1199 3548 in
1219 3506 1275 3548 sex

101 3605 133 3610 .--
140 3603 316 3611 —-—----.--—

20 3713 22 3718 ,
176 3643 207 3710 ¹⁰)
223 3642 327 3696 Eadem
337 3644 447 3698 medela
460 3642 605 3698 leuissima
615 3643 776 3697 adhibenda
788 3643 832 3697 est
845 3643 907 3696 loeo
919 3642 1010 3696 adhuc
1025 3642 1155 3710 corrupto
1169 3641 1274 3695 XXVII

20 3719 21 3745 ³
99 3738 148 3796 16,
168 3729 216 3783 ubi
235 3731 269 3785 de
288 3730 364 3785 61666
379 3731 495 3786 lacrima
513 3731 630 3802 legilur:
650 3737 753 3786 aalma
772 3733 829 3786 eius
847 3733 979 3801 spissare,
1004 3732 1118 3784 densare
1136 3735 1161 3784 61
1179 3731 1274 3784 leuiter

97 3820 246 3886 calfacere,
265 3835 344 3874 usus
362 3822 491 3887 inullis,
510 3822 556 3875 sed
569 3821 740 3890 principalis
758 3821 847 3874 eloam
864 3821 964 3874 soluere
982 3836 1005 3872 e.
1023 3837 1048 3887 q.
1069 3836 1089 3872 s.
1114 3817 1273 3873 6161161161-

98 3907 291 3982 661616161111111
313 3925 328 3962 6
348 3908 503 3978 6611611616,
531 3909 599 3964 olim
623 3908 778 3963 correctum
797 3910 841 3962 est
858 3923 925 3962 usus
948 3909 1062 3973 aralius,
1096 3905 1221 3977 Silligius
1246 3909 1275 3962 et

99 3999 184 4050 Ianus
203 4013 269 4050 usus
287 3998 318 4050 iu
336 3999 430 4052 mullis
447 4016 498 4069 pro
516 4016 582 4054 vero
601 3998 766 4053 habuerunt.
800 3996 977 4052 scribendum
995 3996 1090 4065 potius
1109 3991 1176 4050 usus
1193 3997 1274 4050 mulli

97 4086 199 4154 (sunt),
223 4087 269 4139 sed
283 4087 454 4155 principalis
478 4087 541 4158 (661)
561 4105 584 4146 e.
604 4105 629 4157 q.
650 4105 685 4156 6.,
708 4087 740 4141 ut
759 4086 801 4140 est
819 4085 910 4138 XXXI
929 4090 1121 4154 6261661666
1144 4091 1182 4140 est
1201 4087 1274 4140 alius

98 4191 169 4230 usus
186 4175 342 4244 multiplea,
355 4176 525 4244 principalis
543 4193 605 4231 cero
624 4176 675 4231 661.
696 4175 730 4230 de
749 4173 853 4245 plurali
870 4190 985 4228 numero
1005 4173 1126 4228 nominis
1140 4190 1206 4228 usus
1224 4173 1272 4228 cfr.

98 4262 206 4318 XXVII
230 4268 272 4318 18.
295 4261 413 4320 XXVIII
438 4270 496 4319 136.
520 4264 611 4320 XXIX
634 4269 677 4318 36.
697 4269 739 4321 37.
763 4262 841 4320 XXX
862 4269 920 4320 123.
944 4262 1063 4320 XXXIV
1088 4270 1146 4320 138.
1169 4261 1274 4344 XXXV

101 4357 161 4408 182.
184 4351 381 4408 mamm
399 4359 424 4407 3.
444 4358 468 4410 5.
