3212 5088
580 333 736 432 „2¹52-

70 528 133 592 erit
169 530 209 593 ad
242 528 324 592 hanc
353 529 527 593 lectionem
557 531 613 593 aut
640 517 863 592 coniunctivus
893 528 1150 614 substituendus,
1177 527 1243 593 nisi

69 635 243 700 verborum
265 636 421 716 ficreutem
444 640 477 700 et
496 637 597 719 qipuit
618 635 702 699 hanc
727 634 853 700 efficere
877 635 1027 700 volumus
1052 635 1242 701 convenien-

68 741 161 826 tiam,
179 745 216 806 ut
235 742 414 807 scribamus
435 746 491 806 aut
503 743 593 823 steret
606 744 663 806 aut
673 743 853 824 qipueutem.
868 765 1005 827 quorum
1020 744 1158 807 altcmm
1173 743 1241 826 qui-

68 848 142 912 dem
166 871 228 934 quo
253 871 359 915 errore
383 847 535 913 vitiatum
557 849 608 934 sit,
627 871 664 913 eo
683 849 823 914 fortasse
843 849 1032 934 explicatur,
1051 851 1145 935 quod,
1169 871 1243 914 cum

68 956 229 1039 scriptum
253 958 338 1021 esset
354 957 505 1037 floretum,
522 955 651 1020 librarii
670 955 905 1022 continuabant
923 957 1143 1041 participium,
1162 956 1240 1020 alte-

67 1084 141 1126 rum
167 1063 230 1127 hac
259 1063 421 1146 scriptura
449 1062 618 1146 archetypi
643 1063 922 1145 qipuitmmedetur.
954 1062 1036 1126 mibi
1059 1063 1168 1146 potius
1192 1065 1242 1127 est

67 1169 208 1233 retinere
239 1169 412 1234 lectionem
446 1169 627 1253 vulgatam,
663 1168 810 1253 quamvis
843 1167 1037 1234 inconcinna
1069 1173 1241 1235 structura.

69 1275 281 1340 offensionem
304 1277 428 1340 habent
446 1275 545 1339 etiam
563 1274 644 1340 haec
663 1297 745 1358 quae
765 1278 840 1339 sunt
858 1276 896 1339 de
915 1275 1079 1339 remediis:
1097 1274 1241 1340 XXIVd

66 1381 142 1445 liare
169 1384 235 1447 sola
262 1389 394 1447 uaturae
415 1383 578 1464 placuerat
604 1403 664 1447 esse
691 1383 826 1445 remedia
849 1388 967 1464 parata
994 1383 1092 1464 culpe,
1115 1384 1241 1446 iuueutu

65 1489 179 1568 facilia
206 1511 242 1553 ae
264 1491 330 1554 siue
353 1489 496 1572 impendio
519 1493 552 1552 et
573 1489 706 1570 quibus
727 1490 866 1553 uiuimus.
889 1489 924 1552 in
948 1489 1057 1554 codice
1083 1489 1241 1574 elegitur

67 1685 282 1694 -------

65 1807 134 1861 11111
153 1823 218 1861 sane
238 1824 266 1861 se
285 1808 373 1862 habet
389 1807 442 1861 Vll
457 1812 489 1861 75
504 1807 600 1874 fuere.
616 1850 623 1861 .
642 1824 757 1876 quorum
771 1823 887 1876 corpora
900 1810 959 1862 eius
971 1810 1101 1864 miraculi
1113 1811 1238 1878 qratia..

66 1897 294 1963 (sciscitabantur,
306 1915 368 1950 cum
384 1896 438 1950 duo
452 1897 580 1950 homines
594 1913 658 1950 mox
672 1895 837 1950 nominatim
848 1899 1107 1966 commemorentur,
1116 1896 1240 1966 itemque

66 1985 155 2038 alieni
173 1987 217 2038 est
234 1985 345 2054 generis
363 1984 442 2037 XXX
460 1992 494 2038 46
509 1990 653 2053 praeterea
666 1991 731 2038 suut
744 2003 812 2054 quae
827 1991 948 2040 aceratoe
961 1992 1102 2041 eocautur.
1122 1987 1240 2042 atenim

65 2074 129 2126 sola
155 2075 207 2127 hac
232 2073 340 2127 ratione
366 2073 437 2127 nihil
462 2073 629 2142 proficimus,
658 2073 761 2142 quippe
787 2075 864 2128 certa
887 2075 1012 2129 subiecta
1030 2093 1143 2129 necesse
1163 2077 1206 2130 est
1223 2094 1240 2129 a
1287 2115 1290 2122 ,

65 2161 160 2216 Plinio
183 2162 384 2232 intellegantur
407 2163 493 2216 etiam
515 2163 550 2216 iis
573 2163 653 2229 locis,
671 2162 701 2214 11
720 2162 820 2229 quibus
839 2163 1047 2217 coniunctivum
1066 2164 1189 2230 adhibet,
1209 2167 1241 2218 ut

66 2251 120 2303 VII
136 2257 153 2304 4
170 2252 263 2320 itaque
280 2254 360 2305 inulti
378 2253 501 2306 exstitere
519 2253 567 2320 qui
585 2267 641 2305 uou
659 2252 738 2304 nasci
755 2252 886 2318 optimum
905 2257 1046 2321 ceusereut,
1066 2254 1095 2306 et
1113 2252 1191 2305 XXV
1206 2259 1238 2306 27

65 2341 163 2393 iueeui
181 2341 230 2408 qui
247 2341 345 2394 diceret
362 2340 460 2410 procul
475 2339 558 2394 dubio
574 2341 680 2394 certum
694 2339 833 2407 quendam
847 2340 990 2394 auctorem
1005 2340 1147 2410 cog'tavit,
1162 2342 1240 2396 cuius

65 2445 172 2482 nomen
190 2429 326 2483 duntaxat
342 2429 450 2483 reticet.
470 2428 603 2496 quidnam
620 2428 651 2481 in
669 2428 722 2482 hac
741 2445 770 2481 re
790 2427 920 2482 statuerit
938 2429 1084 2483 modorum
1104 2429 1239 2484 discrimi-

64 2519 122 2585 nis,
141 2516 212 2570 mihi
230 2518 321 2570 adhuc
338 2518 557 2586 inexploratum3
576 2517 695 2572 fortasse
714 2517 861 2585 poetarum
879 2534 987 2572 morem
1004 2517 1131 2572 imitatus
1145 2520 1190 2572 est
1203 2520 1238 2586 (v.

67 2605 245 2676 Madvigium
263 2624 379 2676 gramm.
399 2607 460 2660 Lat.
480 2612 495 2670 ὅ
516 2608 643 2661 365111,
665 2608 700 2674 1).
720 2605 760 2659 sic
778 2605 891 2660 Tacitus
911 2622 1020 2674 quoquc
1040 2606 1106 2662 dial.
1120 2607 1154 2660 de
1169 2609 1239 2662 orat.

66 2701 101 2747 31
123 2701 189 2748 suut
208 2697 283 2764 apud
301 2713 368 2765 quos
382 2696 576 2750 adstrictum..
596 2696 705 2749 diceudi
718 2711 803 2762 qeuus
812 2697 879 2762 pias
892 2697 957 2762 fidei
971 2699 1094 2749 meretur.
1105 2727 1136 2734 —
1150 2695 1239 2748 Simul

64 2785 122 2836 hac
142 2783 286 2839 occasione
306 2785 371 2838 data
395 2784 428 2838 de
449 2782 624 2838 coniunctivo
644 2800 678 2836 ex
695 2782 835 2852 particula
853 2801 923 2851 quae
939 2785 982 2837 est
995 2785 1161 2852 priusquam
1180 2802 1238 2838 sus-

64 2889 156 2941 penso
174 2890 264 2942 pauca
282 2871 410 2928 adiciam.
429 2873 502 2926 hanc
519 2871 688 2942 particulam
706 2890 723 2925 a
741 2870 832 2925 Plinio
851 2870 955 2939 ubique
975 2889 1038 2926 cum
1061 2872 1238 2927 coniunctivo

64 2960 149 3029 iungi
168 2961 293 3030 Silligius
312 2960 457 3016 adnotavit
475 2961 511 3015 ad
529 2961 646 3014 XXXIV
665 2967 706 3030 38,
727 2960 833 3014 duobus
852 2961 921 3014 locis
945 2960 1076 3030 exceptis,
1096 2978 1167 3030 quae
1185 2962 1239 3016 hac

64 3049 132 3118 ipsa
150 3049 184 3103 de
202 3067 287 3104 causa
305 3051 491 3120 suspicionem
509 3053 661 3104 moverent.
680 3049 788 3102 Peleius
806 3068 834 3118 p.
854 3055 885 3102 11
908 3049 1120 3104 coniunctivi
1138 3068 1239 3106 novem

64 3137 166 3207 posuit
183 3139 317 3208 exempla,
337 3139 438 3207 quibus
456 3123 529 3192 addo
547 3139 599 3192 VH
614 3145 637 3192 1.
654 3143 713 3191 111.
728 3137 793 3190 Vffl
809 3137 921 3191 11111
937 3144 994 3192 rm.
1010 3138 1035 3190 X
1051 3145 1109 3194 194.
1125 3139 1164 3192 xl
1178 3145 1237 3192 avr.

65 3227 122 3280 XII
142 3233 183 3282 26.
202 3227 268 3282 XIII
286 3233 329 3282 85.
348 3227 413 3281 XIV
432 3233 474 3280 37.
493 3227 572 3280 XVII
591 3233 650 3280 207.
671 3232 730 3280 248.
750 3225 842 3279 XVIII
863 3233 920 3280 149.
941 3226 1071 3279 XXXVII
1091 3232 1141 3280 149
1161 3229 1237 3279 sunt-

66 3333 124 3384 que
147 3316 223 3370 haud
246 3316 329 3370 dubie
348 3317 483 3371 nonnulla
501 3316 563 3370 alia.
583 3314 768 3368 indicativi
786 3333 873 3368 unum
891 3315 1002 3368 tantum
1020 3315 1178 3384 exemplum
1196 3315 1237 3368 in-

64 3403 148 3459 venit
165 3405 203 3459 IV
222 3411 255 3458 93
270 3407 435 3475 priusquam
453 3406 629 3474 dipreeiimur,
650 3403 724 3472 quod
743 3402 845 3472 corrigi
862 3402 922 3458 iure
941 3403 1039 3471 voluit,
1058 3421 1123 3458 nam
1141 3404 1172 3458 in
1185 3406 1238 3458 hac

64 3493 211 3547 locutione
237 3510 346 3562 semper
371 3493 478 3548 Plinius
505 3491 679 3548 coniunctivo
705 3511 772 3547 usus
798 3494 852 3560 est3
879 3492 928 3546 sed
952 3509 1042 3560 neque
1061 3493 1128 3546 lano
1148 3511 1238 3564 neque

64 3582 230 3636 Detlefseno
249 3581 396 3652 persuasit.
415 3584 535 3636 alterum
554 3581 712 3649 exemplum
730 3598 747 3634 a
767 3579 876 3650 Silligio
899 3581 962 3651 ipso
982 3613 1014 3621 -
1034 3581 1136 3636 mirum
1155 3601 1239 3651 quam

66 3673 104 3726 cb
127 3688 238 3724 causam
248 3703 280 3709 —
292 3687 348 3724 non
365 3669 519 3724 indicatum
538 3670 646 3724 Peleius
663 3687 721 3723 non
738 3670 873 3740 repperit:
893 3671 936 3724 est
953 3669 992 3722 VI
1013 3676 1063 3724 124
1073 3673 1238 3741 priusquam

65 3761 234 3814 distrahitur
253 3761 290 3813 act
307 3761 397 3827 riquu.
417 3777 490 3814 nunc
508 3759 685 3813 Detlefsenus
704 3757 797 3812 effecit
813 3757 928 3813 tertium
947 3759 998 3812 VII
1018 3765 1033 3810 6
1052 3776 1133 3827 quam
1152 3761 1239 3814 muita

64 3849 132 3916 fieri
157 3865 213 3902 ucu
236 3865 315 3916 posse
338 3851 503 3918 priusquam
530 3853 607 3901 suut
629 3847 704 3914 faeta
728 3848 896 3913 iudieautur,
917 3846 992 3900 haud
1009 3845 1183 3902 incommode
1203 3850 1239 3902 ad

66 3955 190 4006 sensum,
210 3937 259 3991 sed
277 3936 374 3991 dubito
393 3957 460 3992 num
479 3939 554 3992 recte
572 3936 677 3991 fecerit.
697 3954 749 4006 ego
767 3936 893 3990 retinebo
912 3935 943 3989 in
961 3935 1083 3990 editione
1097 3954 1160 3991 mea
1174 3955 1238 3992 111-

65 4026 233 4094 iunctivum‚
258 4043 340 4094 quem
363 4028 388 4080 u
411 4029 439 4081 11
461 4027 600 4080 Robertus
623 4025 736 4079 habent.
756 4023 841 4079 etiam
860 4030 1004 4095 autequam
1023 4025 1099 4094 apud
1115 4025 1238 4081 Plinium

65 4115 223 4171 adsciscere
247 4115 319 4168 solet
343 4116 558 4182 coniunctium,
582 4117 656 4169 certe
679 4113 825 4169 indicativi
848 4115 975 4183 exempla
994 4132 1050 4167 non
1068 4115 1150 4183 plura
1168 4115 1238 4168 mihi

65 4205 182 4274 praesto
208 4205 273 4258 suut
297 4223 381 4272 quam
405 4207 475 4260 haec
501 4205 555 4258 duo
581 4205 606 4257 Il
634 4209 691 4258 111.
719 4203 783 4257 XIX
809 4207 851 4259 59.
871 4204 1006 4257 —Patet
1030 4203 1116 4271 igitur
1142 4221 1176 4257 cx
1193 4204 1238 4258 his

65 4293 193 4348 Felsium
214 4310 271 4347 non
294 4311 389 4348 omnes
412 4294 489 4347 locos
509 4292 663 4362 collegisse.
684 4293 733 4348 sed
751 4292 775 4346 si
791 4292 971 4348 iudicandum
989 4292 1032 4346 cst
1048 4291 1168 4346 fueritne
1187 4292 1237 4346 ali-

66 4382 136 4451 quid
162 4379 285 4436 Pliniani
310 4401 376 4436 usus
402 4400 497 4451 necne,
523 4382 580 4436 alia
607 4382 678 4435 ratio
705 4384 748 4436 est
766 4381 973 4452 affirmantium,
993 4379 1049 4436 alia
1066 4380 1237 4450 negantium.
