3212 5088
553 325 707 424 --.99

47 515 144 599 iisque
179 517 370 582 certioribus
403 519 530 584 indiciis
563 518 817 584 concludendum
850 542 920 583 csse
961 521 1099 604 censuit,
1132 521 1217 584 hunc

6 631 7 684 I
46 624 195 708 codicem,
219 627 255 688 ut
277 646 315 686 ex
339 624 451 688 eodem
475 648 537 708 quo
562 626 660 690 ceteri
685 626 863 709 archetypo
883 627 1037 691 oriundus
1056 630 1151 710 esset,
1170 627 1217 690 ita

6 779 9 840 I
45 730 237 794 auctoritate
261 751 386 812 quoque
410 735 533 795 ceteros
558 732 777 815 aequiperare.
818 754 884 796 uon
908 733 1045 816 inprobo
1070 731 1217 816 equidem

6 851 7 902 1
45 836 100 900 riri
135 837 340 922 sagacissimi
375 837 616 902 demonstrandi
648 839 809 903 rationem
837 839 871 902 in
898 840 1011 923 primis
1039 840 1151 903 utilem
1185 843 1217 902 et

6 977 8 1022 3
43 944 256 1008 necessariam
281 964 381 1026 eoque
405 943 534 1011 facilius
559 944 587 1007 ei
607 944 756 1027 concedo,
775 967 848 1008 curn
868 944 906 1008 de
925 945 1077 1030 origine
1097 945 1216 1010 codicis

6 1053 7 1058 ’
40 1073 59 1136 31
87 1050 173 1113 nihil
202 1049 271 1132 ipse
302 1049 522 1114 contenderim
551 1053 646 1134 atque
669 1051 750 1114 meis
775 1051 927 1120 subsidiis
951 1074 1002 1115 rnc
1025 1073 1098 1115 earn
1121 1074 1216 1136 quae-

43 1156 181 1220 stionem
209 1155 358 1219 dirimere
385 1177 482 1240 posse
511 1157 712 1242 negaverim3
741 1158 796 1222 sed
824 1159 953 1222 etiamsi
977 1157 1126 1242 concedo,
1149 1180 1215 1222 non

44 1263 167 1326 corruit
185 1265 295 1327 tamen
314 1263 352 1326 de
372 1263 616 1328 auctoritate
636 1264 721 1347 quod
740 1265 861 1347 protuli
882 1265 1045 1350 iudicium,
1064 1287 1136 1329 cum
1155 1265 1215 1329 has

44 1368 251 1452 quaestiones
278 1370 380 1452 probe
409 1371 553 1453 separari
582 1373 614 1434 et
640 1369 717 1433 libri
745 1393 842 1434 manu
871 1371 984 1455 scripti
1015 1371 1217 1456 dignitatem,

46 1477 79 1538 ut
98 1497 200 1558 supra
221 1474 296 1560 dixi,
320 1475 443 1540 duabus
463 1477 559 1541 rebus
581 1477 705 1542 censeri
718 1499 848 1542 necesse
864 1478 920 1540 sit:
935 1480 967 1540 et
980 1477 1164 1542 indubitata
1178 1500 1217 1542 ex

42 1585 170 1646 vetusto
194 1585 228 1645 et
249 1582 336 1648 bono
361 1583 538 1667 archetypo
559 1583 683 1667 origine
702 1587 735 1648 et
753 1583 879 1648 librarii
897 1583 960 1647 fide
980 1607 1017 1648 ac
1037 1583 1215 1669 diligentia.

42 1690 80 1752 ab
108 1689 173 1752 hac
201 1691 310 1752 autem
337 1687 431 1753 laude
453 1690 644 1774 longissime
669 1690 761 1754 abest
788 1691 816 1754 is
840 1690 895 1773 qui
919 1689 1051 1772 scripsit
1074 1689 1216 1755 codicem

6 1789 7 1800 ¹
42 1817 70 1878 aq
94 1817 173 1858 nam
196 1814 263 1859 non
287 1795 367 1860 satis
390 1796 534 1861 habebat
558 1797 750 1880 simpliciter
773 1801 805 1861 et
828 1819 900 1862 cum
923 1795 985 1860 fide
1004 1795 1214 1878 descripsisse

41 1901 222 1965 litterarum
253 1899 383 1986 ductus,
411 1924 491 1986 quos
519 1903 555 1968 in
582 1903 760 1986 archetypo
788 1903 969 1986 invenerat,
998 1903 1063 1986 sed,
1086 1907 1123 1968 ut
1146 1907 1216 1968 erat

41 2008 139 2072 homo
160 2005 286 2071 Latinis
305 2007 424 2072 litteris
445 2008 650 2073 mediocriter
669 2009 823 2092 imbutus,
841 2009 939 2073 Plinii
959 2009 1008 2072 sui
1023 2030 1083 2092 pro
1098 2010 1216 2073 virium

41 2117 133 2196 parte
159 2114 348 2178 emendandi
374 2115 480 2179 studio
505 2115 628 2198 ductus,
648 2115 752 2180 sicubi
771 2116 870 2180 verba
890 2114 1014 2178 mendis
1033 2112 1216 2179 deformata

6 2223 7 2240 ³
39 2224 70 2282 et
97 2242 140 2284 ne
164 2218 283 2285 Latina
313 2220 441 2304 quidem
471 2243 541 2286 esse
569 2222 709 2305 videbat,
738 2224 859 2285 temere
890 2223 960 2284 tum
983 2220 1078 2286 aliter
1101 2220 1215 2284 distin-

41 2326 172 2410 gucbat‚
193 2329 264 2390 turn
287 2326 420 2391 ridicule
445 2327 617 2391 admodum
641 2327 799 2410 mutabat,
822 2329 858 2389 ut
881 2328 968 2390 certe
988 2326 1089 2390 oculis
1109 2327 1215 2411 legen-

41 2432 121 2496 tium
153 2433 291 2516 speciem
321 2433 464 2518 aliquam
492 2434 631 2498 Romani
656 2434 813 2498 sermonis
837 2434 1105 2516 repraesentaret.
1129 2434 1215 2516 quod

9 2569 13 2576 ·
41 2544 74 2602 ut
97 2539 273 2604 manifesto
297 2540 430 2605 tandem
453 2541 610 2623 probetur
633 2541 782 2605 omnibus
808 2540 862 2623 qui
882 2539 920 2603 de
938 2540 1000 2604 hac
1018 2561 1054 2603 re
1073 2539 1214 2604 iudicare

42 2647 153 2709 volent
175 2668 234 2710 nec
257 2649 384 2711 vastam
406 2647 570 2711 uariarum
594 2648 769 2711 lectionum
793 2646 977 2730 congeriem
1001 2645 1119 2710 cotidie
1142 2668 1213 2736 pcr-

40 2751 263 2835 lustraverint‚
296 2753 414 2837 eligam
447 2753 742 2838 insignissimorum
771 2752 990 2836 exemplorum
1019 2752 1142 2835 aliquot
1170 2789 1214 2796 —

40 2881 117 2922 nam
142 2861 267 2923 restant
291 2859 356 2922 alia
379 2859 541 2949 permulta
565 2895 607 2904 ·-
630 2880 689 2924 nec
711 2859 840 2946 pigebit
862 2879 913 2922 me
937 2858 1067 2922 molesti
1090 2857 1213 2922 laboris

39 2986 146 3051 nugas
176 2964 272 3028 huius
305 2963 393 3028 modi
422 2965 659 3049 conscribendi,
688 2987 760 3030 cum
795 2965 869 3029 inde
901 2964 1041 3048 pendeat
1072 2985 1149 3028 vera
1177 2963 1215 3028 de

41 3069 156 3134 multis
178 3070 260 3135 locis
285 3071 392 3135 dubiis
417 3069 625 3134 existimatio.
664 3071 821 3136 subiciam
841 3073 951 3134 autem
970 3069 1116 3152 exempla
1135 3069 1215 3134 haec

38 3175 98 3260 ita,
128 3176 166 3237 ut
192 3174 380 3259 incorrupta
407 3175 505 3240 Plinii
533 3178 645 3260 rerba,
673 3180 710 3240 ut
737 3199 822 3241 nunc
850 3177 1016 3262 leguntur,
1044 3175 1077 3239 in
1106 3175 1213 3258 primo

39 3282 153 3346 ordine
181 3303 316 3366 ponam,
344 3282 378 3344 in
407 3281 508 3346 altero
533 3283 713 3367 lectionem,
737 3305 833 3367 quam
857 3284 891 3346 in
914 3282 1090 3366 archetypo
1113 3281 1214 3346 fuisse

38 3387 194 3454 credibile
223 3387 275 3474 sit,
304 3375 465 3453 servatam
493 3389 682 3473 plerumque
711 3389 744 3453 in
771 3387 868 3468 Duc,
898 3389 930 3452 in
955 3388 1054 3452 tertio
1078 3387 1213 3471 denique
1245 3389 1246 3394 ’

38 3497 70 3559 id
109 3493 195 3578 quod
223 3494 364 3559 absurda
390 3495 537 3559 mutandi
565 3495 698 3560 libidine
726 3495 852 3560 librarii
875 3496 910 3560 in
933 3494 1042 3560 codice
1067 3518 1086 3578 a
1109 3517 1147 3559 ex
1175 3517 1213 3558 ea

39 3603 155 3666 fictum
179 3604 237 3665 est.

263 3775 371 3830 Plinius
681 3777 848 3846 archetypus
1011 3777 1098 3830 codex
1116 3793 1133 3830 a

39 3901 107 3954 VIII
133 3903 182 3953 135
202 3901 334 3968 nulloque
353 3918 409 3954 non
431 3899 557 3971 principe
611 3900 827 3971 permittialibus
837 3901 883 3955 DF
929 3899 1124 3969 pernitialibus

202 3971 279 4025 adito
289 3971 468 4040 querimoniis
483 3991 555 4042 pro·
587 3995 595 4010 ·

202 4041 410 4096 vincialibus

66 4157 70 4162 ·
134 4135 183 4184 191
203 4129 260 4184 iam
278 4130 347 4184 Asia
614 4131 735 4186 camasia
752 4132 788 4186 F¹
931 4130 1045 4184 canusia

611 4201 769 4257 caniasiaD

132 4297 184 4346 208
204 4292 233 4345 et
249 4289 304 4346 feri
322 4290 557 4360 sapiuntvesti-
611 4291 723 4362 patiant
741 4291 787 4346 FD
929 4289 1074 4362 patiuntur

202 4361 250 4432 gia
262 4361 365 4432 palude
380 4361 548 4420 confundere
620 4435 623 4438 ,
1017 4413 1020 4418 .
