3212 5088
905 361 946 426 48

338 557 478 635 ὀλιγάκις
502 559 567 638 μέν,
592 556 713 623 ὦπται
736 561 776 623 δὲ
801 559 929 623 πίνων.
954 581 1050 643 quam
1077 559 1118 624 ob
1138 581 1206 623 rem
1225 557 1384 622 facillima
1405 560 1507 622 muta·
1580 625 1581 640 ,

337 665 427 730 tione
448 665 632 730 restituitur
649 667 703 730 scd
719 687 796 748 quiue
814 687 907 730 carue
925 669 1047 729 tuutiuu
1060 661 1270 750 (vescuntur),
1283 686 1346 730 uou
1366 665 1508 746 bibuut,

339 777 455 854 eccepto
470 773 565 837 uu'luo
580 774 648 856 cet,
662 793 725 856 quo
740 771 829 836 facto
845 771 1011 854 conspirat
1026 792 1099 834 cum
1114 770 1292 834 Aristotele
1308 794 1366 836 suo
1377 768 1510 852 Plinius,
1581 806 1582 822 τ

340 901 436 963 quem
464 879 594 964 quidem
621 878 740 943 mirum
768 877 915 962 profecto
940 879 1027 942 esset
1048 877 1139 942 nullo
1163 877 1235 942 loco
1260 899 1509 942 commemorare.

340 984 436 1049 huius
465 986 592 1070 generis
622 1008 698 1050 aves
725 1008 791 1050 non
819 985 939 1049 bibere.
964 983 1116 1065 ellipscos
1141 1007 1205 1068 qua
1229 1006 1438 1067 suppressum
1464 985 1511 1045 cst

340 1093 476 1156 verbum
495 1092 561 1155 ianr
581 1093 682 1156 semel
700 1092 844 1175 positum
860 1091 1007 1174 exempla
1022 1113 1087 1155 non
1102 1089 1331 1153 desiderabunt
1345 1090 1400 1174 qui
1414 1089 1509 1153 Plinii

341 1181 605 1262 consuetudinem
639 1202 760 1262 norunt
790 1193 946 1281 (ceterum
974 1196 1029 1261 cfr.
1057 1196 1119 1260 luc.
1147 1217 1177 1278 p.
1207 1192 1276 1282 98),
1304 1195 1509 1260 librariorum
1582 1236 1583 1296 ,

341 1307 450 1369 autem
470 1327 560 1369 error
578 1305 764 1370 credibilior
781 1305 838 1368 fiet
855 1304 906 1367 his
927 1303 1096 1387 exemplis:
1116 1300 1145 1364 X
1165 1302 1230 1364 200
1248 1304 1345 1365 uiuere
1359 1299 1509 1388 (a1F1Ru)
1576 1325 1583 1452 p

340 1434 400 1494 pro
425 1412 530 1497 bibere,
553 1410 645 1475 XXX
669 1412 710 1475 49
735 1412 797 1475 uiui
820 1407 914 1496 (aV2)
939 1433 997 1493 pro
1022 1409 1084 1472 bibi
1107 1411 1140 1471 et
1163 1408 1308 1472 vicissim
1330 1407 1510 1473 xxviiii
1575 1455 1583 1530 ,

341 1518 508 1584 bibentibus
535 1514 716 1604 (OV¹RdT)
744 1539 803 1602 pro
831 1518 1012 1600 uiuentibus,
1035 1513 1144 1578 XXIV
1172 1515 1194 1578 4
1221 1515 1351 1579 bibimus
1379 1512 1427 1601 (d)
1451 1537 1509 1597 pro

339 1627 482 1690 uiuimus.

432 1729 494 1795 Sed
521 1731 616 1796 redeo
646 1731 686 1795 ad
709 1729 941 1815 Dioscorideru,
965 1732 1055 1796 cuius
1085 1754 1183 1816 opera
1212 1731 1312 1796 etiam
1335 1728 1412 1794 XIV
1439 1730 1509 1812 100,

342 1839 399 1902 ubi
430 1838 538 1922 agitur
565 1837 603 1901 dc
627 1838 703 1903 vino
728 1839 856 1922 ficticio,
880 1839 965 1922 quod
989 1839 1172 1922 adynamon
1196 1835 1510 1920 vocatur,‚ducimur

343 1945 384 2008 ad
416 1943 483 2010 reri
515 1943 665 2028 vestigia,
698 1966 779 2026 quae
813 1945 848 2008 in
875 1943 909 2008 M
937 1945 1110 2029 perspicua
1143 1946 1281 2022 exstant,
1312 1941 1510 2008 invenienda.

342 2055 438 2135 atque
470 2051 525 2115 ille
557 2049 687 2134 quidem
715 2048 746 2114 V
771 2051 811 2115 13
845 2050 1092 2136 compositionis
1120 2052 1295 2135 praecepio
1317 2048 1417 2112 refert
1440 2049 1511 2130 tria,

342 2180 480 2241 quorum
513 2156 654 2240 primurn
686 2156 812 2221 Plinius
846 2158 977 2242 omittit,
1010 2158 1133 2241 reliqua
1166 2158 1229 2222 duo
1253 2157 1300 2220 ita
1324 2157 1512 2240 comparata

343 2267 427 2349 sunt,
446 2267 482 2328 ut
496 2286 534 2327 ea
549 2266 623 2328 ante
639 2264 750 2328 oculos
769 2264 923 2329 habuisse
942 2264 1104 2347 putandus
1125 2264 1176 2328 sit.
1218 2285 1381 2348 apponam
1404 2262 1510 2345 verba,
1584 2303 1585 2316 τ

342 2373 379 2434 ut
402 2394 421 2434 a
443 2368 632 2435 Detlefseno
657 2370 745 2434 edita
768 2375 856 2435 sunt:

342 2532 406 2595 ctbi
433 2530 528 2593 uiusti
554 2529 701 2591 scutarii
743 2532 792 2592 δεῖ
811 2532 846 2592 δὲ
865 2529 934 2594 ἴτον
953 2532 1070 2610 μέτρον
1090 2531 1206 2595 ὕδατος
1225 2536 1272 2614 τῷ
1285 2536 1344 2597 rob
1359 2531 1511 2607 γλεύκους
1585 2529 1586 2612 t

342 2637 413 2700 XX
424 2656 522 2716 aquae
535 2636 700 2698 dimidium
741 2636 889 2713 μίξαντα(
904 2637 1018 2716 ἑψῆεαι
1032 2641 1161 2716 πραέω(
1180 2639 1255 2717 πυρὶ
1270 2641 1409 2720 μαλακῷ,
1424 2636 1512 2714 ἄχρι(

340 2743 702 2822 feructdoueceucoquu-
744 2741 783 2804 ἂν
794 2743 980 2827 ἑξαναλωθῇ
990 2745 1027 2807 τὸ
1038 2745 1132 2823 ὕδωρ.
1143 2745 1194 2807 καὶ
1205 2744 1386 2822 μετὰτοῦτο
1395 2743 1512 2820 ψύξαν-

344 2854 395 2912 tur
414 2868 513 2929 uquuc
528 2867 682 2911 uueusuuu.
740 2868 796 2911 τα(
811 2851 1010 2926 καταγγίζειν
1025 2852 1069 2916 εἰ(
1083 2851 1216 2927 ἀγγεῖον
1231 2852 1478 2929 πεπιττωμένον.

343 3008 491 3090 pleniora
519 3029 589 3070 esse
618 3006 820 3073 Dioscoridis
848 3009 946 3072 verba
974 3011 1123 3094 apparet;
1153 3008 1264 3092 itaque
1291 3007 1389 3072 lanus
1413 3007 1512 3072 Plinii
1583 3021 1586 3082 t

344 3113 525 3178 orationem
548 3115 734 3179 mutilatam
758 3137 828 3178 esse
851 3120 941 3179 ratus
965 3119 1042 3199 post
1063 3117 1228 3180 dimidium
1251 3115 1421 3181 inserenda
1438 3138 1511 3198 pro·

343 3221 453 3303 posuit
477 3243 514 3283 ex
536 3218 628 3284 XXV
652 3221 695 3284 90
718 3223 858 3286 additum
877 3224 1051 3305 decoquitur
1070 3223 1176 3287 leuiter·
1194 3223 1292 3286 uiuere
1310 3222 1512 3305 mutavitque

341 3326 465 3407 seruent,
489 3327 574 3411 quod
596 3326 631 3392 M
654 3325 763 3413 habet,
781 3328 815 3393 in
832 3329 968 3408 ferueuti.
994 3329 1049 3394 sed
1062 3329 1187 3393 Plinius
1206 3330 1414 3412 praeceptum
1431 3328 1512 3392 illud

342 3435 378 3497 in
401 3433 531 3498 brevius
555 3433 754 3498 contraxisse
778 3435 913 3520 videtur,
935 3437 1186 3520 necquicquam
1204 3435 1277 3499 lani
1296 3435 1420 3499 ratione
1439 3457 1512 3517 pro·

343 3540 459 3624 ficitur,
483 3540 637 3624 quoniam
660 3541 781 3604 residet
802 3544 1028 3628 repugnantia,
1052 3566 1116 3627 qua
1140 3544 1223 3606 alter
1236 3541 1341 3636 ,musti
1360 3542 1392 3605 et
1410 3562 1512 3625 aquae

296 3683 300 3690 -
343 3647 483 3730 inpares,
507 3646 590 3710 alter
612 3669 707 3728 pares
731 3670 898 3712 mensuras
922 3648 1050 3713 misceri
1073 3650 1172 3713 iubat.
1192 3649 1301 3732 itaquo
1325 3650 1410 3711 recte
1432 3646 1513 3709 fecit

342 3751 559 3836 DetlefsenuS,
574 3753 658 3836 quod
672 3755 806 3818 lacunae
822 3755 951 3839 signum
966 3756 1094 3841 delevit,
1108 3757 1163 3819 sed
1178 3779 1234 3821 cur
1248 3749 1513 3838 praeterseutmii

343 3859 518 3923 mutaverit
549 3860 648 3923 etiam
676 3862 794 3941 fcuucut
822 3883 888 3926 non
918 3861 1082 3946 intellego,
1114 3885 1190 3925 uam
1223 3864 1356 3927 verbum
1387 3861 1511 3945 plurale

342 3965 487 4050 legitime
524 3966 671 4050 iungitur
708 3989 779 4032 curu
816 3966 971 4033 subiectis
1004 3968 1128 4032 duobus
1162 3991 1243 4053 quae
1276 3971 1352 4033 sunt
1383 3970 1513 4032 scutarii

344 4075 377 4136 et
395 4074 568 4155 diuuidiiuu,
585 4077 623 4136 ut
642 4074 753 4137 eadem
773 4078 936 4139 structura
954 4077 1099 4159 prodeat,
1119 4098 1199 4160 quae
1219 4079 1269 4139 est
1287 4077 1319 4141 in
1340 4075 1512 4158 proximis:

343 4181 401 4243 otii
422 4182 565 4243 muriuuc
587 4182 736 4244 scutarios
758 4183 864 4265 (tecum,
888 4184 1067 4246 tuutuuctouu
1083 4183 1210 4264 pluviae
1232 4185 1273 4246 iu
1295 4182 1356 4246 sote
1378 4183 1512 4262 quodra-

339 4289 429 4370 piutu
456 4287 560 4351 diebus
587 4291 708 4364 tuucut,
737 4310 818 4371 quae
847 4290 933 4371 apud
955 4287 1065 4352 Diosc.
1089 4289 1108 4352 l.
1132 4289 1152 4352 l.
1177 4289 1222 4352 sic
1245 4290 1408 4372 leguntur:
1432 4286 1511 4351 ἔνιοι

343 4395 378 4457 δὲ
403 4392 560 4471 θαλάττης
583 4394 738 4470 πελαγία(
762 4396 812 4457 καὶ
836 4395 953 4459 ὕδατα(
976 4394 1108 4474 ὀμβρίου
1132 4396 1182 4458 καὶ
1206 4397 1330 4473 μέλιτος
1350 4393 1399 4456 καὶ
1418 4392 1510 4468 γλεύ-
