3212 5088
906 376 948 438 92

563 566 668 620 Plinius
976 567 1142 636 archetypus
1308 566 1394 619 codex
1412 584 1430 619 a

432 680 482 728 100
501 690 561 797 nelo
589 673 676 726 eutis
709 672 767 728 ulla
800 672 855 726 sin·
909 691 960 728 nco
978 672 1033 727 ntis
1052 673 1101 726 DG
1231 689 1282 734 nec
1301 673 1332 726 nt
1349 669 1393 725 his

552 761 576 798 11

431 837 482 886 102
501 762 652 902 dingerrima
670 831 735 885 sunt
752 833 853 886 Luta·
908 834 940 886 ut
958 830 1029 886 attia
1048 831 1098 885 Do
1231 832 1263 884 ut
1281 831 1372 886 activa
1390 833 1422 885 a¹

501 902 551 957 tia
1128 967 1130 976 μ
1229 904 1262 956 ut
1279 901 1353 981 actia
1370 903 1401 956 al
1504 929 1507 936 ·

355 1023 356 1030 κ
431 996 481 1044 113
502 990 677 1051 duracinis
723 992 856 1046 adhaeret
911 993 966 1045 dux
984 991 1071 1046 acinis
1089 991 1149 1045 D¹G
1229 990 1275 1045 vix
1293 989 1380 1046 acinis

502 1079 603 1132 corpus

432 1149 570 1204 131lolio
611 1150 735 1205 acutiore
772 1169 855 1220 quam
910 1151 1053 1220 myritioae
1230 1149 1345 1220 myrtioe

501 1221 602 1290 myrti
620 1239 656 1277 ac
675 1221 802 1277 molliore
911 1222 1058 1292 (miritioae
1077 1223 1112 1291 D)

431 1347 607 1434 Sufficient,
621 1353 710 1440 puto,
730 1349 808 1414 haec
828 1350 1062 1435 qninquaginta
1086 1349 1286 1432 documenta,
1304 1371 1385 1432 quae
1406 1348 1512 1413 omnia

341 1453 388 1517 111
413 1457 488 1517 sunt
511 1457 709 1540 comparata,
732 1460 769 1520 ut
792 1457 843 1521 vel
868 1479 906 1520 ex
929 1458 1039 1522 decem
1063 1457 1144 1521 satis
1167 1477 1325 1539 superque
1349 1459 1511 1539 appareat,

341 1562 461 1642 quanto
491 1563 614 1626 maiore
646 1561 709 1626 fide
741 1563 776 1628 11
807 1563 993 1627 universum
1025 1563 1193 1645 praestent
1225 1561 1313 1626 DFG
1337 1566 1369 1626 et
1392 1565 1512 1645 quanta

341 1666 473 1729 levitate
505 1665 662 1752 insipiens
694 1668 750 1732 ille
782 1669 880 1735 homo
918 1670 972 1753 qui
1001 1693 1028 1761 a
1056 1668 1189 1752 scripsit
1225 1668 1343 1752 exigua
1378 1668 1412 1731 in
1447 1691 1511 1732 una

341 1770 452 1835 littere
481 1778 623 1861 peccata,
653 1799 733 1859 quae
763 1777 798 1840 in
828 1777 1004 1860 archetypo
1028 1777 1205 1860 invenerat,
1229 1774 1381 1840 mutando
1401 1773 1511 1857 depra-

342 1879 466 1942 vaverit
493 1879 634 1964 adeoque
662 1883 884 1948 obscuraverit
911 1883 980 1946 veri
1007 1883 1156 1968 vestigia,
1179 1885 1225 1965 ut,
1245 1883 1272 1944 si
1290 1881 1413 1946 infelici
1436 1905 1511 1946 casu

342 1985 441 2048 ceteri
469 1985 545 2049 libri
573 2009 671 2051 manu
700 1988 813 2072 scripti
840 1989 1050 2074 interiissent,
1073 1988 1243 2072 permultis
1272 1988 1352 2052 locis
1376 1989 1413 2052 de
1437 2012 1511 2053 vera

342 2089 502 2172 scriptura
529 2093 751 2158 resuscitanda
778 2095 873 2177 plane
902 2095 1137 2180 desperandum
1167 2095 1274 2160 fuerit.
1316 2095 1371 2158 sed
1398 2095 1510 2158 utrix

343 2197 512 2280 quisquam
545 2199 695 2276 omnibus
729 2201 860 2265 omnino
893 2203 928 2264 in
959 2203 1055 2266 rebus
1089 2203 1224 2267 adversa
1246 2201 1349 2267 utitur
1371 2201 1509 2285 fortuna,

342 2302 389 2367 sic
415 2303 553 2371 fortuito
578 2305 695 2371 accidit
716 2329 966 2393 nonnumquam,
989 2312 1025 2372 ut
1052 2309 1128 2373 talis
1153 2330 1287 2392 quoque·
1300 2307 1442 2372 hominis
1466 2308 1509 2370 in-

342 2411 580 2477 considerantia
599 2414 786 2498 gigneretur
800 2415 885 2498 quod
902 2437 968 2479 non
983 2415 1169 2500 displiceret
1182 2416 1233 2480 vel
1248 2413 1381 2480 tolerari
1397 2413 1509 2477 11111111

261 2607 264 2612 Δ
341 2520 466 2598 posset:
499 2541 537 2582 11
567 2520 672 2604 magis
704 2521 808 2605 igitur
836 2521 931 2586 huius
963 2523 1090 2607 generis
1114 2523 1176 2588 loci
1200 2522 1371 2606 diligenter
1393 2521 1508 2584 exami-

341 2623 439 2686 nandi
473 2629 549 2688 sunt
581 2648 683 2710 neque
716 2626 1004 2712 Franoogallorum
1042 2629 1147 2694 critici
1179 2627 1342 2711 imitandi,
1376 2626 1443 2711 qni,
1475 2629 1510 2692 ut

342 2727 537 2814 Harduinus,
561 2732 653 2796 illum
676 2735 885 2816 potissimum
909 2735 1052 2800 codicem
1076 2739 1108 2798 et
1130 2733 1381 2799 Parisiensemd
1410 2735 1508 2798 1111111

342 2835 471 2918 saepius
507 2839 617 2920 pravis
655 2839 847 2906 coniecturis
885 2842 1084 2906 coniecturas
1122 2841 1390 2925 superstruebant
1427 2863 1508 2924 1111,

342 2963 436 3024 quem
461 2944 501 3007 ad
524 2946 655 3010 modum
677 2944 739 3010 XV
763 2948 805 3012 52
829 2947 995 3031 (1111111111
1017 2949 1188 3032 inprobatis
1210 2948 1385 3012 acerbitatis
1411 2949 1507 3012 cortoi-

342 3047 438 3130 ciam)
456 3054 590 3134 propter
608 3054 814 3134 improbitatis
833 3051 881 3140 (a)
901 3055 1100 3137 scripserunt
1118 3055 1323 3138 improbitatis
1344 3059 1379 3118 et
1399 3054 1508 3118 arabi-

342 3155 423 3237 tatis,
456 3156 506 3219 vel
534 3155 611 3222 XIV
638 3160 676 3223 11
702 3158 806 3242 (ralla
836 3162 898 3242 (irre
930 3167 1065 3226 cresarat
1092 3163 1202 3242 [vites]
1230 3162 1379 3242 vidique
1400 3162 1507 3224 etiarn

244 3289 246 3294 ’
335 3261 508 3343 portioris
523 3313 552 3327 ..
584 3264 698 3328 arabiri
728 3267 928 3350 palraitibas)
965 3265 1172 3330 manifestam
1209 3265 1507 3349 interpolationem,

341 3389 404 3450 qua
434 3363 591 3452 scriptum
623 3373 674 3433 111
701 3371 734 3434 in
762 3371 870 3438 codice
899 3395 918 3435 a
945 3373 1099 3452 rtiaidiqae
1133 3393 1181 3436 aa
1202 3373 1309 3454 potira
1335 3371 1423 3437 valli
1448 3393 1507 3435 ac-

342 3479 486 3557 qacaat,
513 3498 570 3538 suo
599 3475 704 3542 Marte
732 3478 1012 3562 amplificaverunt
1034 3467 1202 3543 scribendo
1225 3484 1281 3544 aat
1308 3482 1340 3544 et
1367 3477 1506 3563 arelli,³⁶)

343 3635 555 3644 -—---——-——-

416 3703 448 3770 36)
468 3703 571 3757 Totum
589 3704 663 3758 hunc
682 3706 776 3759 locum
795 3706 972 3762 Detlefsenus
991 3707 1098 3777 primus
1113 3679 1234 3761 feliciter
1247 3707 1378 3762 restituit.
1398 3706 1444 3762 sed
1457 3725 1507 3775 pro

343 3791 424 3845 ctiara
449 3791 546 3845 malim
574 3808 626 3862 ego
651 3793 717 3859 iarn,
741 3811 807 3848 nam
832 3795 907 3863 quod
931 3795 1056 3865 Silligius
1074 3794 1171 3864 posuit
1189 3801 1238 3849 aat
1256 3795 1286 3848 in
1304 3797 1383 3850 nullo
1401 3795 1508 3850 videtur

343 3879 438 3934 codice
461 3897 530 3950 esse,
552 3898 615 3936 curn
634 3898 649 3934 1
667 3882 771 3936 habeat
794 3902 846 3949 ara,
866 3884 884 3937 d
902 3901 970 3951 cara,
988 3885 1020 3938 ut
1042 3884 1072 3938 in
1090 3882 1150 3938 lani
1173 3884 1323 3939 collatione
1347 3883 1507 3939 adnotatum

343 3971 393 4023 est.
412 3971 558 4040 praeterea
573 3969 705 4038 quoniam
719 3970 749 4025 in
764 3973 892 4028 omnibus
907 3973 944 4027 sit
957 3975 1037 4027 natta
1049 3975 1103 4040 fiae
1118 3977 1233 4026 cresceret
1247 3973 1394 4042 dividique,
1406 3970 1507 4026 invitus

341 4057 414 4113 facio
440 4060 472 4112 ut
498 4057 608 4114 deleam
634 4061 771 4128 syllabam
796 4063 834 4117 di.
862 4062 971 4116 fidelius
995 4063 1121 4118 servatur
1143 4062 1279 4117 librorum
1305 4062 1437 4118 memoria
1455 4062 1507 4114 hoc

342 4149 438 4204 modo:
457 4150 536 4204 arilia
553 4150 619 4217 siais
637 4152 772 4228 crescendi
790 4153 853 4221 (est)
873 4154 990 4222 vidique,
1008 4169 1074 4206 nam
1092 4153 1243 4221 postquam
1261 4151 1291 4206 di
1309 4153 1339 4205 et
1355 4149 1462 4220 oidiqae
1479 4150 1507 4203 in

341 4257 428 4292 unum
439 4237 567 4292 conflata
586 4240 658 4306 sunt,
677 4238 749 4293 nihil
765 4239 918 4310 proclivius
938 4241 998 4295 erat
1017 4257 1101 4308 quam
1115 4257 1149 4294 ex
1163 4238 1277 4308 reliquis
1291 4238 1392 4293 litteris
1406 4254 1507 4292 1111111

342 4327 433 4383 facere
451 4328 609 4398 legitimam
626 4328 705 4383 verbi
722 4329 796 4384 finiti
813 4328 933 4384 formam
952 4335 1078 4400 arescent,
1097 4347 1151 4400 quo
1175 4329 1250 4386 facto
1269 4326 1422 4386 necessario
1442 4325 1508 4382 scri-

342 4417 464 4474 bendum
483 4419 544 4472 erat
561 4419 641 4473 aaila
658 4419 720 4488 (irre.
