3212 5088
814 318 973 418 *aa*

307 537 383 578 00110
408 514 535 578 credere
558 513 687 578 libitum
709 512 807 578 fuerit
830 512 1046 578 correctiones
1070 536 1182 577 omncs
1206 535 1244 576 ex
1268 536 1331 577 uno
1351 513 1478 578 eodeni-

306 643 366 704 que
394 621 572 704 archetypo
599 618 646 684 ita
674 641 841 684 emanasse
870 617 1057 704 affirmanti,
1086 623 1122 683 ut
1148 642 1215 684 non
1245 619 1405 684 interiecti
1429 641 1480 682 co-

307 727 540 812 gitentur-tres
565 725 613 790 illi
637 725 762 790 codices
786 725 952 810 incogniti,
974 747 1042 790 11011
1064 726 1092 789 10
1116 749 1171 790 010
1196 726 1251 810 qui
1274 725 1480 792 vehementer

306 819 491 917 repuguem,
515 832 667 914 quoniam
691 832 731 897 ad
753 831 911 916 liquidum
933 832 1063 914 perduci
1088 831 1168 896 hacc
1192 854 1244 896 res
1268 831 1321 896 vix
1348 830 1479 914 poterit.

306 940 362 1004 sed
385 938 501 1004 viderit
524 941 644 1022 quanto
667 959 718 1002 me
742 937 847 1021 magis
872 939 1017 1001 attenuet
1039 937 1259 1022 inhingatque
1284 939 1316 1000 et
1339 939 1478 1002 auctori-

306 1049 409 1110 tatem
441 1044 529 1110 illius
563 1041 748 1128 archetypi,
782 1064 876 1125 quem
909 1043 1019 1125 pravis
1050 1043 1243 1108 coniecturis
1276 1043 1481 1126 inquinatum

308 1171 378 1214 esse
407 1172 538 1215 necesse
572 1151 624 1235 sit,
655 1152 688 1213 et
717 1149 815 1214 fidem
849 1153 1002 1232 quattuor
1030 1152 1258 1230 correctorum,
1280 1149 1321 1214 ad
1344 1149 1481 1233 qu'orum

307 1256 473 1321 levitatem
502 1260 535 1319 et
561 1255 726 1320 licentiam
755 1255 863 1319 omnia
891 1257 961 1318 turn
988 1253 1169 1320 revocanda
1193 1255 1259 1319 sint
1282 1278 1363 1341 quae
1385 1257 1482 1340 posui

308 1362 543 1445 discrepantiae
580 1362 727 1444 exempla
761 1366 930 1445 ceteraque
968 1360 1117 1444 plurima.
1158 1361 1221 1425 hoc
1254 1362 1370 1426 saltem
1402 1363 1482 1426 satis

307 1469 435 1534 habebo
456 1468 600 1532 effecisse
609 1467 829 1551 disputatione
849 1489 930 1553 mea,
945 1471 981 1530 01
995 1467 1124 1532 facilius
1139 1467 1347 1552 intellegatur
1361 1471 1483 1552 quanta

308 1597 467 1659 quamque
487 1572 579 1638 varia
597 1572 869 1657 interpolatorum
887 1574 989 1640 libido
1008 1577 1160 1661 grassata
1179 1575 1222 1639 sit
1235 1575 1269 1639 in
1284 1574 1483 1659 corrigendis

309 1681 474 1748 codicibus
498 1679 687 1745 recentioris
710 1680 841 1746 ordinis.

873 1874 921 1940 IV

398 1999 552 2084 Superest
564 2002 634 2064 uta
652 1998 905 2064 correctionibus
925 1997 1155 2063 descendamus
1175 1997 1217 2062 ad
1234 2000 1304 2064 hos
1324 1999 1485 2064 codices

310 2108 436 2191 ipsos,
460 2105 515 2190 qui
543 2107 580 2169 ut
601 2125 686 2170 nuno
709 2106 815 2188 pretio
838 2105 933 2170 nobis
954 2104 1020 2168 sint
1043 2106 1145 2170 multo
1164 2105 1285 2170 maiore
1304 2129 1401 2190 quam
1420 2128 1486 2191 quo

310 2235 369 2296 per
401 2234 434 2276 se
467 2211 566 2297 digna
603 2213 687 2297 sunt,
719 2211 841 2275 factum
878 2214 929 2275 est
960 2211 1235 2294 praestantiorum
1268 2212 1487 2278 subsidiorum

310 2319 454 2404 penuria,
484 2341 546 2403 qua
575 2318 761 2384 laboramus
791 2319 826 2383 in
848 2318 998 2401 plurimis
1020 2317 1114 2382 libris
1137 2317 1305 2382 Plinianae
1327 2318 1487 2384 naturalis

273 2455 278 2460 ·
310 2427 478 2492 historiae.
516 2447 652 2509 quorum
675 2446 757 2508 quae
782 2425 825 2488 sit
849 2423 1037 2508 auotoritas,
1060 2445 1126 2488 11011
1150 2445 1231 2507 opus
1255 2426 1305 2487 est
1327 2423 1487 2490 hocloco

312 2532 350 2597 de
374 2532 512 2616 singulis
536 2531 704 2596 verbosius
730 2551 898 2615 exponere,
918 2551 990 2594 cum
1013 2553 1078 2595 non
1098 2530 1141 2594 sit
1159 2552 1216 2596 cnr
1233 2552 1300 2596 non
1319 2530 1488 2596 credamus

311 2637 508 2722 Detlefseno,
541 2659 743 2702 communem
773 2638 813 2701 iis
845 2637 1004 2723 originem
1036 2648 1117 2722 es'se,
1150 2659 1213 2720 qua
1246 2637 1349 2702 altero
1383 2637 1489 2722 gradu

247 2799 249 2806 ,
313 2745 505 2831 contingant
527 2743 663 2808 eundem
686 2737 907 2830 archetypum,
930 2767 1133 2810 communem
1157 2743 1223 2808 fere
1244 2747 1276 2807 01
1294 2745 1433 2827 patriam
1453 2747 1489 2808 et

314 2853 463 2915 aetatem.
498 2849 576 2914 hinc
600 2854 708 2915 autem
730 2854 817 2916 recte
841 2851 969 2918 videtur
992 2851 1085 2936 effici,
1109 2855 1145 2915 ut
1175 2851 1317 2934 exceptis
1340 2849 1488 2914 fortuitis

314 2960 347 3021 01
373 2957 497 3022 levibus
530 2958 709 3022 scribarum
738 2958 900 3023 erroribus
929 2958 1071 3024 maxima
1094 2981 1132 3023 ex
1155 2960 1248 3042 parte
1270 2957 1489 3040 nonpossint

314 3085 510 3150 magnopere
543 3064 627 3128 inter
660 3087 693 3128 se
726 3063 901 3130 dissimiles
934 3087 1004 3129 esse
1037 3068 1069 3128 01
1100 3062 1283 3128 0000000110
1311 3062 1488 3146 interpola·

314 3171 413 3235 tionis
438 3171 603 3236 exoriatur
627 3171 779 3256 suspicio,
802 3171 994 3254 ubicumque
1018 3174 1111 3235 tanta
1135 3171 1178 3234 sit
1201 3169 1426 3253 discrepantia,
1450 3173 1487 3233 ut

315 3277 481 3360 explanari
509 3299 575 3341 non
603 3278 710 3362 possit
733 3279 875 3344 eiusdem
899 3275 1066 3362 archetypi
1091 3278 1270 3361 scripturae
1293 3277 1485 3360 interpreta-

316 3383 404 3447 tione
428 3384 527 3448 varia.

403 3487 511 3570 Atque
536 3512 646 3555 omnes
666 3491 794 3575 quidem
814 3491 939 3557 codices
959 3492 1153 3557 recentiores
1178 3490 1486 3575 interpolationibus

249 3672 254 3680 .
317 3593 510 3677 depravatos
544 3617 612 3659 esse
646 3597 824 3661 clarissime
858 3596 1002 3662 ostendit
1034 3597 1133 3663 codex
1160 3597 1335 3680 rescriptos
1363 3595 1406 3682 M,
1429 3598 1487 3662 sed

315 3701 449 3787 longum
474 3703 523 3764 est
546 3703 701 3786 exemplis
723 3704 875 3787 probare3
901 3703 1092 3788 saepissime
1115 3724 1192 3768 vero
1213 3702 1337 3766 scribae
1355 3703 1488 3770 licentia

316 3808 396 3872 baec
414 3806 505 3871 labes
524 3806 616 3871 illata
636 3811 686 3874 001
704 3807 924 3874 Parisiensi
944 3809 1028 3895 0,(10
1048 3832 1111 3894 quo
1131 3811 1167 3873 01
1184 3809 1281 3894 paulo
1305 3810 1488 3876 accuratius

317 3935 412 3999 agam
435 3914 581 3996 postulat
602 3913 781 3980 Detlefseni
805 3916 973 4001 dissensio,
997 3917 1061 4001 qui,
1079 3936 1152 3981 cum
1171 3937 1231 4001 ego
1248 3917 1309 4006 luc.
1328 3939 1360 3999 p.
1381 3917 1419 3981 ll
1440 3939 1489 4002 sq.

317 4041 519 4084 communem
541 4018 621 4106 Iani,
643 4019 810 4108 Urlichsii,
833 4022 931 4088 Felsii
956 4019 1000 4109 (p.
1025 4024 1067 4087 33
1092 4019 1152 4108 sq.)
1177 4022 1215 4086 de
1233 4022 1296 4087 hoc
1313 4021 1397 4088 libro
1418 4045 1490 4088 seu·

316 4126 453 4193 tentiam
491 4126 539 4192 110
574 4128 765 4193 confirmare
799 4134 934 4194 conatus
968 4151 1085 4213 essem,
1119 4131 1157 4192 ut
1188 4129 1296 4194 codice
1328 4131 1490 4215 rescripto

317 4239 483 4320 tamquam
511 4237 600 4300 certa
627 4235 847 4318 praestantiae
874 4259 1026 4302 mensura
1058 4239 1178 4315 uterer,
1206 4235 1318 4320 philol.
1345 4234 1493 4304 XXVIII

317 4363 347 4424 p.
375 4341 438 4406 291
473 4340 585 4406 reiecit
616 4345 722 4406 totum
745 4341 836 4408 'illud
869 4342 1116 4430 argumentandi
1148 4363 1248 4428 genus
1282 4346 1316 4426 et
1346 4365 1385 4408 ex
1414 4344 1490 4410 01110
