3212 5088
113 504 158 568 ib.
182 504 225 569 56
253 503 291 567 de
319 502 414 587 piris,
441 500 599 566 XXXVII
626 502 669 565 46
698 500 736 564 de
764 502 875 586 glaeso
906 502 1032 567 dicitur.
1081 502 1156 566 inde
1190 501 1289 566 etiam

113 609 312 675 coniunctivi
338 607 428 672 illius
457 607 634 672 concessivi
667 607 806 673 uelatur
841 609 951 691 plana¹
976 608 1014 671 fit
1045 603 1176 693 rati0⁹):
1212 628 1289 670 nam

46 731 50 740 '
112 740 187 782 cum
223 718 357 800 propter
383 713 494 777 Indiae
534 697 807 798 longinquitatem
836 718 996 780 musteum
1029 715 1122 797 piper
1150 714 1288 777 Romam

112 822 313 907 comportari
339 842 406 884 non
435 823 559 904 posset,
595 819 691 884 huius
722 820 970 885 amaritudinem
999 820 1157 886 Italorum
1192 841 1288 882 nemo

111 931 246 1014 gustatu
268 928 420 1007 noverat3
443 928 612 1009 praeterea
633 927 825 991 verisimile
846 930 895 991 est
912 926 1054 991 Plinium
1073 924 1135 990 XV
1152 926 1213 992 118
1234 925 1288 990 ad·

111 1031 257 1100 diturum
285 1032 387 1096 fuisse
414 1037 450 1096 ul
475 1031 626 1117 (licinius,
662 1034 748 1117 quod
774 1056 934 1118 nusquam
969 1033 1036 1097 fere
1064 1031 1200 1116 omittit,
1231 1031 1287 1096 ubi

110 1165 182 1206 rem
195 1141 262 1205 ianr
277 1141 563 1203 commemoratam
578 1139 689 1223 iterat3
713 1141 848 1225 denique
866 1141 1094 1204 obscuraretur
1116 1138 1288 1222 perspicua

112 1247 284 1312 verborum
309 1243 511 1327 sequentium
542 1246 720 1332 oppositio,
749 1269 812 1330 qua
835 1245 943 1330 Indici
965 1246 1087 1330 piperis
1116 1246 1288 1310 denotetur

111 1353 298 1434 diversitas,
321 1348 377 1413 ubi
401 1352 535 1432 propter
551 1351 678 1415 litteras
694 1352 817 1417 vicinas
841 1352 935 1416 facile
955 1352 1128 1417 credideris
1151 1351 1286 1436 periisse

109 1460 164 1524 sed
180 1455 375 1541 particulam
391 1455 625 1522 sententiarum
638 1459 735 1522 nexui
750 1459 969 1542 aptissimam:
992 1460 1168 1522 amaritudo
1183 1458 1286 1522 eaderu

111 1566 253 1631 credatur
275 1583 349 1646 esse,
371 1562 435 1626 sed
455 1561 534 1626 deest
557 1567 636 1628 tosta
658 1565 716 1628 illa
738 1562 905 1630 rualurilas
928 1587 953 1628 e.
977 1588 1005 1649 q.
1030 1587 1055 1628 s.

199 1669 272 1735 Hoc
293 1671 365 1734 loco
389 1668 427 1732 de
451 1667 623 1752 quomodo
647 1669 883 1753 disputavimus
902 1671 1043 1735 nominis
1063 1671 1158 1755 praui
1177 1670 1285 1754 singu-

110 1779 189 1843 laris
202 1797 368 1860 numerus,
391 1777 428 1838 ut
443 1775 645 1860 saepissime,
669 1798 765 1841 sensu
781 1777 949 1842 collectiva
969 1777 1096 1860 positus
1112 1779 1177 1861 est,
1200 1777 1286 1860 quod

108 1885 219 1950 nescio
243 1907 285 1948 66
302 1883 337 1946 16
356 1902 454 1946 causa
471 1877 653 1964 fuer1t‚'eur
672 1883 812 1947 editores
833 1886 943 1966 spreto
957 1884 1111 1948 unanimo
1127 1904 1284 1948 consensu

107 1977 280 2074 librorum,
309 1989 363 2073 qui
383 1988 509 2071 prauis
531 1987 669 2072 habent,
692 2011 767 2053 mox
786 1992 805 2068 5
821 1989 864 2054 30
887 1989 1087 2075 corrigerent
1110 1990 1284 2076 singularis

108 2097 308 2183 genetivum:
345 2099 390 2160 est
414 2095 583 2157 eliamuura
615 2095 650 2156 ia
677 2094 775 2159 Iudia
796 2096 916 2177 pipreris‘
939 2097 1044 2177 praui
1070 2097 1170 2162 simile
1205 2098 1287 2178 quod

107 2207 218 2268 uocaul
239 2202 462 2285 carpoplpllou.
493 2200 638 2265 sednon
662 2199 778 2265 desunt
804 2201 884 2284 loci,
914 2201 1088 2285 inquibus
1114 2203 1286 2286 pluraliter

108 2309 231 2373 dictum
259 2312 309 2373 est
342 2330 458 2391 prurio,
495 2329 689 2390 quamquam
717 2306 829 2372 eodem
856 2329 952 2371 sensu
983 2307 1082 2372 etiam
1110 2308 1285 2393 singularis

106 2416 259 2500 usurpari
282 2417 426 2499 poterat,
448 2414 538 2479 velut
561 2412 642 2478 XIII
667 2414 728 2478 107
751 2396 871 2494 sirletus
895 2411 983 2501 (loti)
1010 2416 1046 2479 iu
1069 2410 1166 2497 eapite
1181 2436 1284 2498 pupa-

106 2523 173 2588 aeri
185 2523 298 2588 siurilis
311 2523 457 2587 incisuris
471 2523 612 2603 orauique
625 2520 687 2584 alio
702 2522 789 2584 morlo
793 2571 802 2604 ‚
825 2521 909 2586 iulus
929 2542 1050 2604 praua
1073 2542 1125 2586 ceu
1144 2522 1283 2598 rulliuru;

106 2627 202 2693 XVII
216 2628 282 2693 255
305 2649 368 2692 uou
390 2629 588 2692 iuueuiuatur
611 2628 695 2691 iulus
718 2623 766 2710 (in
780 2625 856 2711 fico)
877 2621 996 2709 praua·
1020 2628 1063 2692 ib.
1079 2629 1096 2692 7
1101 2629 1121 2692 2
1135 2629 1284 2694 minimis

105 2737 143 2800 id
173 2732 332 2821 (cupressi
361 2730 483 2820 semen)
516 2734 642 2816 prauis
670 2737 799 2810 6066161,
834 2734 888 2796 uiua
914 2737 950 2796 ul
971 2735 1108 2815 perspici
1133 2737 1284 2815 quaedam

98 2842 236 2924 possiet,
262 2862 325 2905 acu
348 2841 510 2905 omittendo
533 2844 665 2904 aalurae
687 2838 875 2902 miraculae
898 2843 962 2902 tara
980 2859 1096 2920 paruo
1116 2841 1205 2923 pipui
1231 2861 1283 2904 ar-

106 2949 192 3012 bores
214 2953 299 3013 tauto
313 2949 442 3011 uralore
465 2948 561 3010 tritici
583 2951 612 3010 el
632 2946 737 3010 bordei
752 2965 877 3027 prau0;
901 2943 1013 3008 XVIII
1030 2945 1092 3010 125
1116 2943 1282 3031 (siliquae)

100 3056 309 3138 passiolorum
339 3075 406 3117 curu
434 3055 525 3135 ipsis
552 3054 744 3117 ruauduulur
768 3052 907 3133 prauis,
940 3050 1122 3135 ibidemque
1150 3053 1202 3115 60.
1232 3054 1282 3116 70.

106 3160 160 3224 85.
177 3161 248 3224 116.
269 3160 342 3223 151.
364 3158 442 3223 XXI
458 3159 508 3221 72.
530 3156 640 3222 XXIV
658 3159 707 3222 16.
731 3155 824 3221 XXV
840 3157 912 3220 140.
936 3155 1045 3228 XXVI
1062 3157 1133 3220 163.
1156 3156 1283 3221 XXVII

106 3267 159 3331 86.
183 3267 234 3331 87.
258 3266 309 3330 95.
328 3265 420 3330 XXX
444 3265 495 3329 97.
519 3265 627 3348 itaque
651 3263 752 3327 miror
782 3261 858 3345 quid
883 3262 926 3326 sIt
954 3284 1009 3326 cur
1032 3262 1094 3328 hoc
1117 3263 1188 3328 loeo
1212 3264 1281 3347 plu-

105 3371 184 3436 ralis
212 3372 290 3436 ferri
312 3394 378 3436 non
406 3394 502 3457 posse
530 3371 685 3436 videatur.
732 3391 827 3453 quem
858 3371 895 3431 ut
917 3367 1071 3431 tuendum
1099 3370 1282 3454 suscipiam,

105 3478 230 3548 6066111
253 3479 351 3542 etiam
375 3480 440 3543 6116
462 3501 558 3544 06666
582 3498 682 3561 caque
705 3475 809 3538 multo
833 3475 977 3558 gravior,
1001 3496 1082 3557 quae
1105 3475 1214 3557 posita
1233 3479 1282 3539 est

104 3586 141 3648 in
164 3586 326 3650 constanti
350 3585 502 3650 adiectivi
524 3585 635 3650 slurilis
657 3604 718 3645 usu
741 3579 899 3643 Pliniano.
933 3601 1005 3642 cum
1029 3579 1161 3644 dativo
1187 3582 1281 3666 enim,

104 3713 172 3755 606
199 3713 272 3756 cunr
299 3693 463 3777 genetivo,
489 3692 552 3756 hoc
580 3689 775 3755 adiecticum
803 3709 822 3750 a
848 3685 954 3749 Plinio
982 3685 1073 3770 iungi
1100 3686 1281 3771 significavi

102 3797 172 3862 iam
194 3798 255 3864 luc.
277 3795 310 3882 p'.
333 3801 389 3884 32,
413 3800 498 3884 quod
526 3819 621 3883 quam
645 3798 730 3860 recte
754 3797 824 3857 tum
847 3813 935 3856 ame
958 3792 1206 3874 pronuntiatum
1229 3793 1280 3878 sit,

178 4079 200 4149 ⁹)
219 4079 345 4134 Eundem
362 4079 538 4135 intellectum
555 4078 661 4134 habent
675 4077 760 4132 etiam
779 4075 949 4132 coniunctivi
967 4075 1015 4144 qui
1034 4077 1099 4130 sunt
1117 4077 1156 4130 XI
1171 4083 1221 4131 267
1242 4079 1278 4131 lo-

104 4174 196 4225 custas
214 4171 370 4238 planarum
388 4174 413 4224 et
434 4169 566 4236 feminum
590 4170 688 4224 attritu
711 4185 809 4222 souare
832 4167 994 4222 credatur
1016 4181 1097 4220 suae
1118 4163 1278 4244 ibidemque

105 4263 158 4314 176
177 4259 264 4313 altera
282 4259 398 4313 exterior
417 4257 531 4327 (fistula)
556 4258 731 4328 appelletur
748 4273 829 4312 saue
846 4257 927 4326 pala,
945 4273 1014 4326 quos
1027 4253 1204 4309 Detlefsenus
1222 4253 1281 4310 606Ι

104 4346 227 4413 debebat
244 4345 360 4402 mutare.
389 4345 473 4417 paulo
493 4345 574 4402 aliter
593 4344 700 4404 dictum
718 4346 760 4400 est
773 4344 838 4399 XIX
858 4344 1141 4412 auferendumque
1158 4343 1277 4410 suerit.
