3212 5088
1 553 3 570 ν
32 524 236 590 abiciendum
266 528 316 588 est
348 524 519 590 restituere
550 524 875 591 rerba-conantibus.
913 525 1073 589 manslata
1097 529 1202 589 autem

1 669 3 766 μ
30 636 103 695 sunt
133 653 174 695 ex
202 629 380 696 Aristotele
407 631 439 695 h.
467 655 495 694 a.
525 631 542 696 I
573 633 589 696 1
614 632 732 716 p.487
757 629 794 715 Β,
818 631 876 696 24:
900 632 1039 696 καὶτῶν
1063 630 1202 710 ὀρνίθων

30 737 79 801 εἰεί
105 758 193 804 τινε(
217 737 444 816 κακόποδεε,
468 739 498 802 οἳ
523 738 575 803 διὰ
597 743 694 803 τοῦτο
718 741 930 802 καλοῦνται
954 735 1105 802 ductet.
1140 737 1202 802 ἔετι

1 857 2 926 l
29 847 58 907 δὲ
91 845 255 922 εὔπτερον
282 849 379 908 τοῦτο
408 846 445 908 τὸ
474 843 622 923 ὀρνίθιον.
665 845 779 922 εχεδόν
802 845 837 908 δὲ
862 845 912 908 καὶ
935 845 975 908 τὰ
997 844 1093 921 ὅμοια
1116 844 1203 928 αὐτῷ

1 945 2 1008 Ῑ
28 951 169 1031 εὔπτερα
189 952 248 1030 μὲν
266 946 431 1014 κακόποδα
453 949 480 1013 δ’
499 950 591 1029 ἐετίν,
611 949 682 1016 οἷον
702 951 867 1029 χελιδὼν
886 950 945 1014 καὶ
965 952 1158 1028 δρεπανίε·
1173 1002 1201 1015 ..

27 1059 179 1136 φαίνεται
204 1058 240 1120 δὲ
264 1057 282 1120 ὁ
306 1059 363 1135 μὲν
387 1056 490 1121 duone
512 1060 617 1122 πᾶεαν
641 1057 743 1136 ὥραν,
767 1059 786 1135 ἡ
811 1059 845 1120 δὲ
871 1057 1023 1136 δρεπανὶε
1042 1057 1122 1121 ὅταν
1146 1059 1202 1140 {lep

1 1155 2 1158 '
26 1169 80 1228 τοῦ
105 1165 234 1242 θέρουε·
251 1163 325 1228 τότε
345 1163 407 1241 γὰρ
427 1162 539 1242 ὁρᾶται
558 1165 609 1227 καὶ
629 1163 795 1244 (illexerat,
818 1163 903 1227 ὅλωε
923 1164 1024 1227 δὲκαὶ
1040 1164 1201 1229 επάνιόν

1 1185 100 1334 licre
137 1275 255 1334 τοῦτο
286 1270 328 1334 τὸ
361 1269 509 1349 ὄρνεον.
551 1270 661 1352 itaque
694 1292 766 1334 cum
798 1273 927 1354 praeter
960 1269 1096 1353 apodem
1120 1269 1200 1334 duae

1 1349 2 1396 l
25 1399 100 1440 aves
133 1381 435 1461 commemorentur,
463 1375 602 1440 hirundo
631 1380 664 1441 et
687 1374 847 1459 drepanis,
870 1374 1056 1440 Harduinus
1079 1378 1202 1459 recepit

1 1485 2 1512 ¹
25 1482 174 1547 Pintiani
192 1483 409 1548 coniecturam
427 1484 634 1566 hirundinem,
649 1505 843 1566 quamquam
861 1483 932 1566 ipse
947 1485 1061 1546 auctor
1075 1480 1200 1547 ‘duram

24 1588 291 1674 castigationem'
318 1612 385 1656 non
413 1589 482 1654 sine
511 1589 717 1654 excusatione
744 1591 968 1672 proposuerat.
1009 1591 1084 1652 ante
1114 1588 1199 1652 hunc

1 1687 2 1722 ³
24 1694 195 1762 Barbarus
225 1717 262 1759 ex
289 1703 446 1776 nectorem,
475 1697 560 1780 quod
588 1695 721 1760 eandem
751 1695 910 1780 originem
938 1717 1035 1778 quam
1057 1701 1199 1760 rectorem

1 1801 149 1866 labere
177 1803 357 1885 putandum
386 1807 443 1887 est,
471 1802 592 1867 fecerat
614 1804 752 1885 mysteria
775 1799 828 1888 (ex
852 1801 959 1866 verbis
983 1800 1201 1866 Aristotelicis

23 1908 40 1969 l.
63 1909 86 1972 l.
114 1929 146 1971 v.
170 1907 213 1970 23
237 1909 287 1972 καὶ
310 1910 466 1988 νυκτερίδι
490 1909 588 1974 πόδε(
613 1905 692 1994 εἰεί),
716 1908 801 1992 quod
823 1912 940 1993 postea
958 1909 1132 1992 probatum
1151 1914 1202 1974 est

1 2011 173 2078 *Gesnero
201 2016 234 2076 et
262 2013 456 2081 Schneidero
484 2017 524 2080 ad
554 2015 651 2080 Arist.
678 2014 709 2079 h.
739 2037 766 2078 a.
789 2018 867 2080 tom.
890 2014 940 2078 ΙΠ
961 2038 992 2099 p.
1018 2017 1046 2080 7.
1070 2015 1126 2082 sed
1148 2039 1201 2082 ve·

22 2121 156 2184 rissime
187 2119 254 2184 iam
283 2120 453 2186 Pintianus
487 2121 724 2204 animadvertit,
753 2119 906 2206 Plinium,
938 2123 992 2206 qui
1025 2145 1200 2206 numquam

21 2225 82 2291 hac
111 2224 239 2290 Graeca
262 2228 480 2311 appellatione
503 2251 581 2293 usus
601 2231 696 2312 osset,
716 2227 784 2291 sine
803 2225 901 2291 dubio
921 2227 1081 2292 dicturum
1100 2228 1200 2294 fuisse

20 2333 278 2416 corporationem.
302 2337 468 2416 postremo
492 2334 709 2418 Detleisenus,
733 2355 806 2398 cum
828 2333 863 2396 in
881 2339 1023 2398 rectorem
1042 2335 1201 2420 genuinae

24 2439 212 2522 scripturae
240 2439 393 2524 reliquias
424 2445 569 2507 servatas
598 2463 668 2506 esse
692 2440 844 2525 crederet,
868 2441 1064 2525 excogitauit
1088 2441 1200 2506 bruno

21 2567 87 2623 res;
117 2547 152 2608 at
169 2567 235 2612 non
254 2547 292 2611 de
310 2549 428 2632 pedum
447 2571 597 2615 mensura
615 2548 669 2613 hic
688 2548 806 2632 agitur,
826 2547 882 2611 sed
901 2569 977 2612 ares
991 2548 1200 2612 nominantur

22 2675 108 2737 (puae
138 2656 214 2717 sunt
242 2655 433 2735 κακόποδεε,
462 2655 518 2720 sed
546 2655 694 2733 εὔπτεροι
721 2653 741 2717 i.
771 2676 797 2718 e.
821 2675 901 2738 quae
924 2657 1058 2738 propter
1079 2654 1199 2737 pedum

21 2758 300 2824 infirmitatem
337 2762 526 2846 plerumque
561 2761 724 2845 volantes,
756 2783 932 2844 numquam
962 2760 1029 2824 fere
1061 2759 1197 2843 pedibus

21 2864 211 2930 incedentes
240 2868 482 2951 conspiciuntur
509 2868 644 2952 ideoque
668 2867 804 2951 pedibus
829 2889 936 2932 carere
959 2867 1043 2932 falso
1067 2866 1198 2932 credun-

1 2977 83 3039 tur.
124 2994 198 3036 cum
230 2971 425 3040 Aristoteles
460 2975 547 3040 dicat
581 2977 612 3040 οἳ
650 2976 702 3038 διὰ
733 2979 830 3040 τοῦτο
865 2967 1036 3039 ναλοῦνται
1069 2972 1197 3052 ἄποδεε,

1 3079 147 3143 ‚tentari
176 3079 282 3162 possit
314 3083 412 3146 etiam
442 3083 559 3166 apodas
590 3102 665 3164 quos
693 3085 796 3148 noceat
823 3081 945 3159 tabae,
977 3083 1013 3144 ut
1045 3079 1198 3144 librarius

22 3187 122 3250 oculo
153 3185 356 3252 transiliente
389 3187 430 3252 ad
458 3188 566 3253 tabere
594 3188 657 3252 hoc
679 3187 769 3270 prius
794 3186 960 3271 scripserit
983 3186 1197 3269 adieceritque

21 3291 141 3356 deinde
164 3299 267 3357 vocent
290 3295 411 3360 omisso
434 3317 517 3376 quos,
536 3295 597 3380 vel,
614 3294 804 3358 traiectione
822 3315 890 3359 non
908 3291 1063 3375 adhibita,
1081 3292 1198 3374 apodas

20 3399 135 3463 labere
157 3419 245 3480 quos
266 3407 402 3486 vocent,
426 3405 463 3466 ut
484 3401 613 3465 litterae
637 3400 758 3465 similes
782 3423 860 3465 casu
883 3397 1114 3482 interciderint,
1133 3397 1197 3461 nisi

20 3507 128 3570 satius
154 3505 218 3569 erit
239 3505 444 3590 desperatum
466 3508 573 3572 locum
595 3508 630 3572 in
651 3506 757 3572 medio
781 3506 970 3592 relinquere.

87 3595 89 3602 ¹
116 3609 217 3675 Aliud
241 3613 384 3678 eiusdem
407 3613 629 3678 fraudulentae
653 3612 827 3679 doctrinae
841 3609 1068 3703 documentum
1091 3614 1198 3676 exstat

18 3717 65 3782 lX
99 3717 158 3782 16:
186 3717 224 3782 iri
248 3739 309 3798 qao
336 3719 486 3784 scatentia
509 3719 606 3799 faisse
628 3719 823 3783 Aristotelem
845 3720 930 3785 rideo
953 3725 981 3783 el
1001 3719 1108 3783 resellis
1124 3738 1197 3800 per-

18 3827 159 3892 suasisse
180 3825 364 3889 doctricem
387 3825 638 3906 irrdoyiaibas.
668 3823 753 3907 quod
775 3825 811 3887 in
834 3824 995 3888 communi
1020 3823 1196 3907 archetypo

17 3933 83 3996 fuit
119 3931 261 3995 doctrina
292 3931 488 4014 iadipaibas,
521 3929 554 3994 id
587 3933 751 3995 servatum
785 3934 835 3994 cst
862 3931 896 3994 in
922 3928 989 4013 DF,
1017 3929 1052 3992 in
1080 3930 1195 3993 ceteris

17 4038 101 4103 1th
138 4059 307 4120 perperam
340 4039 500 4103 mutatum
532 4037 568 4099 in
598 4037 744 4120 iadipm's,
771 4036 807 4100 in
828 4035 859 4100 R
880 4036 951 4101 loco
974 4057 1049 4100 raso
1075 4038 1150 4100 ante
1172 4056 1196 4120 e,

15 4146 51 4210 in
89 4144 111 4208 d
144 4145 220 4226 post
250 4164 274 4210 s.
311 4142 418 4207 scriba
450 4143 567 4228 autem,
600 4164 694 4227 quem
726 4142 872 4208 refellere
905 4139 1084 4224 undenae,
1111 4141 1145 4205 in
1178 4164 1197 4205 a

15 4251 119 4316 finxit
152 4249 325 4315 lectionem
357 4250 573 4334 adaptatos,
603 4271 684 4332 quae
716 4269 774 4331 per
806 4270 917 4313 omnes
950 4247 1016 4311 fere
1040 4247 1197 4312 editiones

15 4359 208 4444 propagata
240 4359 299 4441 est,
332 4355 432 4419 donec
465 4353 611 4440 Silligius
644 4355 791 4437 inadipatis,
814 4353 911 4419 Ianus
935 4354 1096 4435 indipaius
1120 4356 1195 4418 scri-
