3212 5088
795 391 919 456 '94

825 483 928 490 ...n—..m-
935 483 976 489 ο-

311 585 426 650 ceteris
463 586 568 670 primo
604 592 753 672 aspectu,
786 588 841 653 sed
877 591 988 652 tamen
1028 609 1062 651 re
1100 608 1177 653 vera
1210 585 1315 670 peius:
1353 586 1487 652 minime

312 692 398 758 enim
426 693 515 757 oanis
545 693 580 758 in
608 691 764 758 cervicem
793 693 988 778 adsultabat,
1012 697 1049 758 ut
1079 715 1189 758 morsu
1211 692 1404 777 inhaereret,
1429 695 1488 758 sed

311 802 498 884 perpetuo
532 802 564 862 et
597 798 762 881 undique
790 799 1010 865 lacessendi
1035 800 1240 864 celerItate
1264 799 1487 865 adversarium

310 899 450 991 pessir‘ne
478 905 625 970 vexabat.
664 927 762 988 quare
792 904 925 970 verbum
955 907 1083 970 finitum
1108 905 1240 988 aliquod
1263 905 1419 990 impetum
1444 907 1489 972 si-

310 1015 468 1099 gnificans
500 1013 684 1098 requiritur,
708 1013 759 1077 cui
782 1012 956 1097 participia
980 1013 1086 1078 varios
1109 1013 1251 1096 impetus
1274 1015 1389 1078 modos
1412 1014 1488 1079 illu·

310 1121 450 1185 strantia
473 1123 547 1204 apte
571 1118 792 1203 adnectantur,
815 1119 848 1184 id
872 1118 957 1203 quod
981 1118 1125 1183 declarat
1148 1118 1247 1182 etiam
1272 1115 1410 1203 Solinus,
1430 1123 1487 1204 qui

312 1227 362 1312 15,
393 1229 411 1291 7
444 1230 530 1292 recte
560 1225 710 1292 distinxit
737 1226 816 1290 haec
843 1226 909 1290 tria
935 1225 1132 1290 narrationis
1162 1225 1307 1290 membra
1336 1225 1486 1291 aPlinio

309 1334 478 1418 particulis
500 1335 652 1416 priorum,
679 1354 759 1416 mcx,
782 1334 874 1398 doceo
896 1333 1052 1398 indicata:
1076 1330 1241 1416 pugnandi
1265 1331 1487 1417 cupiditatem,

310 1464 408 1525 quam
432 1441 532 1505 canis
545 1440 674 1506 hostem
698 1441 900 1524 conspiciens
923 1441 1046 1506 latratu
1075 1439 1273 1524 significavit
1295 1438 1488 1521 (notabiliter

308 1549 488 1631 occultans),
511 1545 626 1612 deindo
650 1547 759 1612 varios
784 1546 923 1629 impetus
947 1546 1085 1629 (belum
1108 1550 1178 1610 astu
1203 1547 1372 1631 fottpcur't),
1395 1546 1485 1610 deni-

309 1677 370 1739 que
394 1653 579 1718 certaminis
604 1653 701 1717 finem
724 1652 838 1736 (torrae
861 1654 1008 1737 adflixit).
1045 1655 1155 1738 itaque
1178 1652 1330 1738 quoniam
1354 1653 1484 1738 inprur't,

310 1759 394 1844 quod
419 1759 497 1824 olim
520 1759 689 1846 vulgatum
713 1763 793 1843 erat,
811 1762 946 1843 propter
964 1761 1145 1844 praesentis
1167 1759 1323 1843 temporis
1343 1758 1482 1824 formam

309 1864 387 1930 ferri
409 1887 476 1929 non
499 1867 617 1949 potest,
641 1865 845 1930 scribendum
869 1869 919 1930 est
941 1868 1148 1949 lacessivit,
1173 1865 1212 1929 de
1235 1866 1297 1930 hcc
1316 1865 1483 1951 pugnandi

309 1992 424 2055 genere
452 1991 519 2035 non
549 1971 655 2036 minus
685 1975 759 2055 apte
788 1975 979 2055 usurpatum
1004 1996 1100 2058 quam
1122 1970 1264 2036 XXXIII
1287 1973 1330 2038 53
1353 1971 1390 2035 de
1415 1995 1482 2036 cer·
1560 2035 1566 2042 ,

308 2077 484 2143 taminibus
508 2077 542 2140 in
565 2076 688 2141 harena
712 2100 731 2142 a
751 2075 889 2142 Caesare
915 2078 1017 2143 aedile
1036 2079 1210 2144 institutis:
1226 2080 1368 2162 serosque
1387 2079 1481 2143 eram

308 2185 458 2266 carpentas
489 2185 571 2248 cusis
606 2185 831 2259 incessivere
863 2188 928 2248 tum
951 2187 1093 2267 primum
1125 2186 1219 2250 uouit.
1258 2185 1350 2268 origo
1381 2183 1482 2248 errati

310 2288 404 2354 facile
429 2290 532 2356 elucet
555 2313 595 2355 ex
615 2288 818 2374 caecavit,
837 2289 947 2354 littera
969 2288 1093 2356 Sfalso
1116 2291 1214 2356 semel
1237 2290 1367 2374 scripta.
1389 2311 1482 2373 prae·

305 2400 395 2460 terea
423 2397 534 2462 nescio
566 2419 608 2460 an
640 2397 759 2462 talama
793 2395 945 2462 inmerito
981 2419 1017 2460 ex
1052 2394 1126 2461 aad
1152 2400 1318 2481 receptum
1348 2396 1392 2459 sit
1419 2417 1481 2479 pro
1592 2387 1593 2398 ¹

307 2503 443 2568 inumbra
471 2500 700 2589 (DF¹Ra¹dT),
727 2524 803 2566 nam
827 2502 913 2587 quod
936 2499 1066 2567 Solinus
1091 2502 1203 2568 eadem
1226 2525 1305 2569 voce
1324 2525 1400 2568 usus
1420 2506 1481 2585 est,

306 2629 372 2672 non
404 2607 499 2672 modo
532 2606 655 2671 nullam
688 2606 789 2670 habet
819 2606 980 2690 probandi
1013 2606 1078 2670 vlnr
1111 2607 1145 2670 in
1177 2609 1325 2693 quaesita
1353 2611 1479 2673 ceterae

247 2784 251 2790 ,
307 2715 456 2779 dictionis
480 2714 646 2796 varietate,
670 2734 733 2796 qua
756 2717 885 2796 praeter
903 2713 1029 2794 adflixit
1045 2699 1127 2777 nihil
1149 2735 1165 2777 e
1184 2714 1291 2778 Plinio
1311 2718 1478 2797 sumptum

307 2825 365 2905 est,
396 2820 453 2884 sed
480 2820 626 2886 nascitur
660 2819 757 2882 etiam
790 2819 940 2903 suspicio,
971 2841 1009 2883 ex
1041 2842 1079 2884 eo
1113 2819 1202 2885 fonte
1230 2820 1381 2885 haustam
1405 2843 1478 2885 esse

306 2927 576 3009 emendationem,
609 2926 745 2990 membra
779 2929 887 2990 autem
919 2926 966 2990 rei
998 2930 1148 2991 narratae
1182 2928 1304 3010 optime
1328 2928 1481 2992 convenIt

305 3033 541 3118 respondetque
573 3032 680 3097 verbis
712 3031 783 3097 ictuc
812 3037 841 3096 et
874 3033 962 3097 illinc
983 3082 1016 3097 ..
1039 3053 1102 3114 quc
1133 3035 1267 3098 maxime
1296 3055 1372 3116 opus
1402 3039 1484 3099 essct

305 3142 466 3222 infestans.

393 3246 549 3312 Eiusdem
579 3246 706 3310 librarii
738 3268 956 3330 praepropera
990 3246 1162 3310 sedulitate
1185 3245 1220 3310 in
1242 3246 1313 3312 loco
1337 3248 1479 3312 multum

304 3357 429 3419 tentato
452 3352 500 3416 XI
522 3353 586 3416 257
606 3355 720 3416 natum
741 3356 791 3417 est
810 3353 985 3417 absurdum
1004 3352 1083 3416 illud
1103 3359 1255 3437 rectorem,
1275 3376 1337 3436 quo
1352 3352 1479 3418 Dctlef-

305 3483 401 3525 senus
424 3460 633 3524 fundamento
657 3481 734 3523 usus
760 3462 809 3523 est
833 3460 1035 3524 coniecturae
1058 3481 1174 3544 parum
1197 3458 1386 3544 probabilis.
1414 3457 1478 3525 Sil-

303 3567 402 3652 ligius
426 3567 511 3631 enim
534 3570 567 3629 et
589 3565 686 3631 Ianus
710 3589 749 3630 ex
772 3564 801 3629 R
824 3568 931 3632 locum
958 3567 1005 3631 ita
1028 3567 1311 3632 conformaverunt
1334 3566 1476 3632 scientes

304 3675 522 3758 corruptelam
544 3673 687 3737 nondum
712 3673 874 3738 sublatam
897 3695 980 3737 esse:
1003 3674 1058 3755 qui
1076 3677 1190 3755 uepaut
1207 3673 1357 3738 uolucrem
1374 3673 1477 3739 ullum

302 3782 369 3846 siue
385 3781 516 3863 peditus
538 3799 599 3843 csse
621 3779 807 3862 coadunant
828 3786 857 3844 et
878 3781 995 3862 apodas
1016 3779 1124 3844 tabae
1151 3785 1185 3844 et
1210 3801 1294 3844 occu
1317 3784 1344 3843 et
1365 3781 1475 3862 drepa-

301 3888 377 3965 ur'ra,
409 3906 486 3968 quac
518 3908 554 3951 cu
585 3885 634 3952 bis
662 3887 823 3951 rorc'scimc
853 3891 989 3969 apparot.
1034 3884 1119 3949 idem
1145 3884 1311 3950 habebant
1347 3886 1474 3952 codices

303 3991 437 4077 Gelenii,
467 3992 617 4058 similiter
649 3993 670 4057 d
698 3999 727 4058 ct
758 4015 845 4072 oruc,
877 3991 907 4057 D
935 3997 1042 4070 cicccc,
1069 4013 1172 4076 neque
1201 3991 1288 4057 aliud
1316 3993 1472 4077 scriptum

243 4083 248 4092 ⁵
302 4103 372 4163 erat
393 4099 481 4164 haud
505 4097 600 4188 dubie
618 4100 653 4163 in
672 4099 848 4184 archetypo
868 4098 987 4165 codicis
1007 4121 1034 4163 a.
1072 4098 1128 4163 sed
1145 4097 1297 4164 librarius
1316 4099 1380 4185 ille,
1400 4121 1471 4164 oum

301 4207 467 4271 intellectu
490 4205 523 4268 id
547 4227 653 4270 carere
673 4206 829 4271 sensisset
847 4227 949 4291 neque
968 4205 1067 4270 vellet
1087 4205 1121 4268 in
1138 4208 1230 4270 textu
1248 4227 1366 4289 ponere
1387 4207 1471 4290 quod

300 4313 373 4396 ipsa
397 4312 503 4396 specie
528 4311 668 4376 barbara
691 4312 870 4396 legentium
898 4313 1007 4376 oculos
1036 4311 1184 4396 violaret,
1208 4311 1382 4394 adsumpta
1407 4313 1470 4396 syl-

300 4419 376 4483 laba
398 4418 659 4502 praecedentem
681 4422 882 4483 commentus
905 4422 956 4482 est
978 4423 1130 4498 rectorem,
1153 4419 1238 4502 quod
1258 4417 1354 4501 plane
1374 4417 1470 4482 nobis
