3212 5088
178 1198 337 1299 Decimus
373 1233 427 1298 hic
463 1233 529 1297 fere
563 1256 666 1297 annus
699 1237 764 1318 est,
798 1236 881 1318 quod
915 1237 1140 1320 cognominem
1172 1237 1257 1302 edidi

81 1343 242 1426 libellum,
274 1364 336 1426 quo
365 1341 549 1405 tirocinium
582 1363 753 1424 posueram
777 1341 810 1404 in
824 1341 931 1424 vPlinii
954 1343 1095 1407 naturali
1118 1343 1258 1409 historia

82 1448 296 1531 emendandam
311 1448 366 1532 qui
380 1447 512 1511 tametsi
526 1469 592 1511 non
606 1447 731 1510 interiit
744 1447 779 1510 in
793 1448 917 1531 reliqua
927 1450 1023 1513 turba
1034 1453 1066 1512 et
1076 1450 1256 1516 colluvione

86 1556 256 1639 librorum,
281 1554 335 1638 qui
358 1554 532 1638 quotannis
557 1553 642 1636 apud
663 1575 724 1617 nos
744 1554 858 1618 confici
877 1557 910 1616 et
923 1555 1050 1639 vulgari
1069 1556 1183 1639 solent,
1202 1557 1258 1620 sed

82 1663 258 1727 benevolos
282 1660 404 1725 iudices
427 1664 564 1725 nanctus
589 1663 647 1744 est,
667 1682 803 1744 quorum
823 1683 957 1724 assensu
972 1661 1066 1724 facile
1086 1661 1255 1746 incitabar,

83 1772 121 1832 ut
150 1789 318 1854 pergerem
346 1767 380 1831 in
409 1767 472 1831 hoc
495 1767 676 1830 studiorum
700 1788 816 1852 genere
841 1767 1017 1851 elaborare,
1040 1766 1122 1830 nihil
1146 1771 1255 1832 tamen

80 1873 326 1957 insequentibus
361 1874 453 1938 annis
486 1873 524 1936 de
555 1873 662 1937 Plinio
695 1873 729 1936 in
761 1873 926 1955 publicum
959 1875 1125 1958 proposui,
1149 1874 1204 1938 sed
1228 1876 1255 1938 si

83 2003 149 2064 qua
177 1979 338 2044 scribendi
364 1980 540 2044 necessitas
565 1981 616 2044 vel
640 1980 867 2063 opportunitas
893 1979 1096 2065 offerebatur,
1120 1981 1157 2044 de
1182 1981 1255 2046 aliis

82 2086 297 2170 scriptoribus
331 2109 412 2170 quae
445 2109 511 2150 non
543 2085 627 2151 falso
661 2108 680 2150 a
713 2109 764 2166 me
799 2085 973 2150 observata
996 2108 1066 2150 esse
1089 2088 1255 2173 putabam,

82 2194 286 2258 conscribere
319 2193 399 2257 mihi
431 2194 540 2276 potius
574 2195 651 2257 erat.
688 2215 772 2256 nuno
804 2213 881 2256 1010
912 2214 1037 2256 novas
1065 2192 1125 2256 has
1149 2195 1254 2258 lucu-

82 2300 282 2364 brationes
311 2300 512 2364 Plinianas
540 2303 577 2363 ut
605 2320 807 2382 componam,
829 2297 892 2362 hoc
914 2298 994 2362 mihi
1017 2299 1052 2363 in
1075 2322 1174 2364 eausa
1197 2306 1255 2386 est,

83 2407 170 2488 quod
184 2405 427 2471 Teubnerianae
441 2407 538 2470 Plinii
558 2405 718 2490 editionis,
737 2427 834 2489 quam
852 2407 929 2488 post
947 2408 1085 2471 mortem
1098 2405 1255 2473 Ludovioi

81 2513 181 2597 Iani,
213 2513 275 2576 viri
308 2513 346 2576 de
378 2513 429 2577 his
461 2513 580 2578 litteris
613 2514 778 2596 praeclare
810 2513 927 2597 meriti,
959 2513 1254 2599 recognoscendum

82 2620 221 2702 suscepi,
243 2620 394 2683 volumen
418 2620 556 2683 alterum
579 2619 711 2684 tandem
734 2621 782 2684 ita
805 2619 990 2704 expeditum
1013 2623 1046 2684 et
1069 2619 1254 2684 absolutum

82 2729 143 2808 est,
164 2730 200 2789 ut
222 2727 312 2792 brevi
332 2726 364 2789 id
384 2726 474 2809 typis
494 2727 683 2790 mandatum
701 2726 742 2789 iri
762 2729 794 2790 et
812 2726 874 2791 hoc
894 2749 977 2790 anno
998 2723 1196 2792 emendatius
1220 2727 1255 2791 in
1294 2788 1296 2791 .

79 2833 188 2896 lucem
220 2833 324 2897 denuo
356 2833 561 2916 proditurum
594 2855 665 2897 esse
699 2855 829 2916 sperare
852 2832 932 2896 mihi
954 2833 1072 2897 liceat·
1083 2855 1159 2896 110111
1183 2855 1255 2897 cum

80 2939 118 3002 in
142 2939 287 3022 quolibet
308 2940 440 3024 negotio
466 2939 521 3022 qui
544 2940 715 3024 diligenter
739 2962 775 3004 ac
799 2943 928 3004 strenue
953 2961 986 3003 se
1001 2942 1165 3004 versatum
1184 2962 1255 3004 esse

82 3045 148 3109 sibi
171 3046 318 3110 conscius
344 3048 401 3130 est,
416 3045 516 3110 etiam
535 3046 650 3110 ceteris
670 3045 703 3109 id
717 3046 850 3129 probari
868 3047 947 3130 vult,
965 3049 1035 3109 111111
1054 3069 1130 3111 vero
1151 3047 1255 3111 critici

82 3153 134 3215 sui
166 3153 290 3236 negotii
322 3153 482 3216 rationem
514 3151 646 3216 reddere
679 3155 713 3216 01
745 3174 826 3235 quas
859 3174 985 3236 quoque
1011 3151 1083 3216 1000
1107 3153 1254 3218 mutandi

82 3281 200 3323 causas
223 3259 375 3323 habuerit
398 3259 589 3342 explicatius
614 3258 777 3323 declarare
801 3258 853 3323 vel
871 3259 1010 3322 maxime
1032 3238 1124 3342 cupit
1147 3261 1254 3344 isqui

83 3365 210 3450 antiqui
234 3366 340 3448 operis
365 3365 538 3430 editionem
557 3365 694 3449 paravit,
714 3387 795 3448 quae
814 3367 942 3448 praeter
960 3364 1067 3448 ipsum
1086 3365 1253 3448 scriptoris

82 3473 257 3538 verborum
288 3474 414 3537 textum
445 3471 526 3537 nihil
555 3472 619 3535 nisi
642 3473 773 3536 brevem
795 3471 958 3536 variarum
981 3471 1157 3536 lectionum
1180 3495 1253 3536 cou-

83 3582 231 3664 spectum
264 3579 424 3644 exhibeat.
453 3580 514 3645 hoc
546 3601 622 3644 vero
646 3601 684 3642 00
708 3570 813 3662 magis
838 3577 980 3642 accidere
1003 3581 1254 3643 consentaneum

82 3688 134 3748 est
153 3686 185 3748 in
206 3708 243 3749 eo
263 3708 368 3769 opere,
383 3685 477 3769 quod,
491 3688 528 3749 ut
541 3685 734 3769 Plinianum,
749 3684 897 3749 doctrina
910 3684 1065 3748 refertum
1083 3686 1255 3769 multiplici

82 3815 121 3856 00
143 3791 310 3856 recondita
332 3814 390 3875 per
413 3814 447 3856 se
471 3791 539 3856 sine
559 3791 683 3874 copiosi
699 3791 922 3855 commentarii
942 3790 1085 3855 subsidio
1104 3791 1253 3874 plurimis

81 3898 164 3963 locis
187 3901 275 3963 recte
297 3898 443 3984 intellegi
466 3898 520 3962 vix
542 3898 658 3983 possit,
677 3896 762 3982 quod
786 3920 845 3962 sua
863 3897 969 3980 ipsum
987 3900 1105 3961 natura
1124 3897 1253 3983 suisque

81 4007 160 4070 fatis
183 4006 310 4089 largam
335 4009 367 4070 et
390 4005 588 4090 depravandi
611 4005 889 4089 opportunitatem
912 4008 945 4068 et
967 4005 1144 4087 depravata
1168 4006 1253 4069 dete-

80 4112 180 4198 gendi
194 4112 420 4177 difficultatem
434 4113 628 4196 praebuerit,
649 4112 784 4195 denique
803 4111 888 4196 qnod
907 4135 926 4174 0
946 4111 1108 4194 plerisque
1121 4113 1253 4176 nostrae

79 4219 201 4283 aetatis
233 4219 419 4283 bominibus
452 4219 555 4284 doctis
589 4220 726 4302 carptim
749 4219 858 4302 potius
885 4218 949 4302 legi
972 4217 1023 4281 vel
1047 4217 1081 4281 in
1104 4218 1253 4300 transitu,

80 4326 109 4390 si
135 4347 216 4408 opus
240 4328 299 4407 est,
321 4325 438 4408 inspici
460 4324 707 4409 quamproprie
733 4327 765 4387 01
784 4323 914 4388 assiduo
934 4322 1040 4388 studio
1060 4323 1253 4406 pertractari

79 4433 196 4497 soleat.
227 4432 317 4497 cuius
347 4431 435 4498 modi
459 4433 564 4517 operis
588 4431 727 4498 editione
752 4431 983 4496 commentario
1006 4452 1073 4494 non
1095 4429 1254 4495 instructa
