3212 5088
105 593 218 654 narrat
248 610 301 653 res
332 588 429 652 nobis
460 588 644 672 incognitae
677 590 710 651 61
741 588 789 651 ita
822 591 1028 671 comparatae
1063 592 1147 675 sunt,
1180 593 1217 653 ut
1250 589 1277 653 si

107 700 279 779 auctorem,
304 718 323 758 a
347 717 409 777 quo
432 693 561 778 pendet,
584 695 742 777 inspicere
765 694 873 787 ipsum
895 694 991 759 hodie
1014 716 1080 759 non
1101 695 1188 778 licet,
1208 694 1278 759 sola

106 803 229 887 ingenii
261 802 328 865 acie
360 804 553 885 nostraeque
586 802 703 866 aetatis
736 801 915 865 eruditione
943 801 1118 865 diiudicare
1147 803 1277 866 omnino

107 931 174 972 non
206 908 379 991 possimus,
412 930 489 971 vera
517 908 583 972 sint
606 931 648 971 an
670 907 754 970 falsa
778 931 860 991 quae
883 909 917 971 in
940 907 1103 972 codicibus
1126 908 1278 992 leguntur
1324 993 1326 1000 γ

106 1037 164 1096 per
188 1036 222 1078 se
250 1014 350 1096 plana
372 1036 474 1096 neque
498 1014 582 1078 inter
607 1037 640 1078 se
664 1015 893 1098 repugnantia,
917 1018 1055 1096 possunt
1078 1014 1218 1097 genuina
1241 1037 1279 1078 ac

108 1143 181 1184 vere
204 1121 361 1204 Pliniana,
385 1125 523 1203 possunt
545 1121 789 1204 interpolatoris
814 1121 951 1185 artificio
980 1120 1072 1185 foede
1097 1120 1279 1186 adulterata

107 1251 187 1312 csse,
211 1227 267 1292 scd
289 1231 439 1291 neutrum
463 1227 718 1312 argumentando
742 1228 846 1291 evinci
870 1251 889 1291 a
910 1228 1005 1290 nobis
1029 1229 1147 1310 potest.
1180 1251 1278 1311 quare

106 1355 238 1398 necesse
271 1336 320 1397 est
352 1335 514 1418 ingratam
547 1333 702 1398 exsistere
735 1334 844 1398 iudicii
867 1333 1120 1416 fluctuationem,
1143 1334 1198 1396 ubi
1223 1337 1279 1397 aut

107 1441 233 1505 codices
271 1441 398 1524 aequali
434 1441 501 1504 fere
539 1441 696 1525 dignitate
730 1440 903 1504 exhibeant
935 1441 1078 1523 diversa,
1112 1440 1168 1503 sed
1197 1461 1278 1523 quae

108 1547 237 1631 singula
265 1569 323 1629 per
352 1570 385 1610 se
415 1547 492 1610 ferri
519 1548 656 1631 possint,
685 1551 742 1611 aut
766 1568 877 1611 omnes
902 1547 1026 1610 codices
1050 1546 1184 1611 vitiatos
1208 1569 1278 1610 esse

108 1656 257 1735 apertum
281 1654 333 1718 sit.
835 1663 837 1670 ⁴

196 1757 266 1824 Nec
284 1783 359 1825 vero
378 1761 463 1846 fugit
480 1760 559 1825 illud
579 1761 781 1843 superiorum
796 1761 998 1826 sacculorum
1014 1759 1152 1845 criticos,
1167 1762 1280 1844 quanti

107 1868 263 1931 momenti
282 1871 367 1931 essct
385 1868 420 1931 in
438 1867 641 1931 recensendis
662 1867 875 1950 scriptoribus
895 1857 1007 1931 rimari
1025 1872 1149 1933 veteres
1170 1891 1280 1933 eorum

106 1973 228 2056 fontes,
260 1975 348 2038 velut
380 1973 573 2038 Hermolaus
607 1973 788 2054 Barbarum,
820 1972 1059 2058 DalecampiuS,
1092 1973 1281 2057 Salmasius,

107 2079 165 2142 alii
188 2079 250 2144 hoc
275 2080 460 2144 adiumento
485 2080 657 2163 diligenter
681 2079 828 2143 adhibito
851 2080 971 2166 multos
999 2081 1089 2145 locos
1113 2081 1279 2144 Plinianos

107 2186 150 2248 ad
180 2186 353 2250 sanitatem
385 2190 632 2269 revocaverunt,
656 2189 785 2269 praeter
808 2188 932 2250 ceteros
955 2209 1031 2250 vero
1056 2187 1281 2251 Pintianum
1323 2234 1326 2242 .

106 2292 241 2356 honoris
275 2314 374 2357 causa
406 2294 653 2358 commemorari
683 2315 743 2375 par
767 2295 825 2375 est,
849 2293 967 2377 quippe
991 2294 1047 2376 qui
1063 2291 1281 2357 «Aristotelem

107 2421 202 2462 suum
231 2402 263 2462 et
291 2399 553 2482 Theophrastum
580 2398 865 2482 Diosooridemque
893 2421 1019 2462 summa
1046 2399 1206 2462 industria
1229 2421 1280 2462 ex-

106 2505 246 2569 cusserit
269 2509 301 2569 et
325 2506 366 2569 ad
387 2507 472 2576 hanc
494 2528 642 2570 normam
666 2506 783 2589 ubique
803 2505 963 2589 corrigere
982 2504 1080 2568 Plinii
1101 2505 1281 2570 orationem

107 2611 278 2694 studuerit,
312 2635 407 2695 saepe
440 2612 493 2675 ille
526 2612 656 2696 quidem
687 2612 860 2676 violentius
894 2614 927 2674 et
959 2611 1121 2696 audacius,
1144 2614 1180 2675 ut
1212 2615 1281 2675 crat

106 2719 207 2782 homo
227 2741 302 2782 suae
315 2719 451 2802 ‘aetatis
466 2720 522 2783 sed
535 2741 712 2801 numquam
730 2719 777 2782 ita
795 2722 914 2782 utnon
934 2719 1124 2802 sagacitatis
1146 2719 1281 2782 eximiae

106 2824 236 2887 laudem
256 2825 318 2888 sibi
337 2825 522 2889 vindicaret.
542 2847 637 2907 quem
652 2847 846 2908 quamquam
860 2824 971 2887 multis
986 2824 1066 2888 locis
1081 2824 1281 2907 vituperavit

106 2932 225 3013 postea
248 2929 444 3015 Harduinus
467 2931 500 2994 in
525 2930 723 2995 emendando
747 2934 856 2994 tamen
881 2952 977 3013 opere
998 2931 1147 2995 Pliniano
1165 2932 1281 2996 melius

106 3037 202 3100 illum
217 3039 373 3102 meruisse
387 3037 537 3102 existimo
553 3037 758 3120 quamhunc,
773 3038 828 3120 qui
842 3057 995 3121 magnam
1006 3060 1098 3101 suam
1109 3038 1282 3101 editionem

106 3146 267 3208 nontam
291 3144 411 3208 criticis
436 3144 701 3208 adnotationibus
726 3165 822 3226 quam
846 3143 978 3225 copioso
998 3144 1163 3208 doctrinae
1184 3167 1281 3228 appa-

107 3253 185 3313 ratu
203 3250 438 3334 interpretandi
458 3273 554 3324 carisa
574 3273 590 3314 e
611 3250 822 3333 scriptoribus
843 3248 984 3332 antiquis
1000 3253 1154 3333 congesto
1169 3251 1282 3313 utilem

73 3437 77 3440 ,
107 3355 206 3421 nobis
229 3357 376 3420 reddidit.
399 3358 484 3420 inter
507 3357 701 3420 recentiores
727 3359 835 3420 autem
859 3355 908 3419 vir
932 3356 1075 3420 omnium
1099 3356 1154 3419 ille
1173 3355 1207 3418 in
1229 3356 1281 3421 his

106 3463 229 3526 litteris
253 3464 493 3580 receptissimus
519 3463 543 3526 Ι.
568 3462 604 3526 G.
625 3462 838 3527 Schneiderus
858 3460 943 3525 Saxo
962 3462 1024 3526 hoc
1042 3462 1171 3526 nomine
1194 3484 1282 3547 egre-

108 3570 199 3654 giam
232 3571 343 3634 etiam‘
362 3569 467 3634 Plinio
500 3592 632 3652 operam
665 3569 838 3652 praestitit,
872 3591 945 3630 cum
976 3568 1010 3630 in
1042 3568 1282 3632 commentariis

107 3675 289 3740 editionum
299 3669 497 3759 Aristotelis,
511 3675 739 3758 Theophrasti,
759 3674 953 3756 scriptorum
973 3676 1019 3737 rei
1040 3675 1179 3739 rusticae
1193 3675 1282 3738 Lati-

104 3805 235 3866 norum,
258 3782 450 3866 ubicumque
474 3783 545 3846 fieri
567 3785 705 3865 poterat,
728 3781 814 3844 illius
839 3781 938 3844 verba
955 3781 990 3844 in
1009 3782 1284 3865 comparationem

105 3889 290 3954 adduceret.
314 3886 450 3972 de'nique
473 3888 675 3974 Montignius
695 3887 939 3971 quaestionibus
958 3887 992 3950 in
1006 3887 1103 3950 Plinii
1121 3888 1282 3952 naturalis

101 3995 265 4060 historiae
299 3996 336 4058 de
371 3996 564 4059 animalibus
597 3994 699 4058 libros
732 3993 865 4058 Bonnae
899 4016 983 4057 auno
1015 3995 1099 4058 1844
1124 3994 1218 4057 editis
1244 3994 1281 4056 dc

102 4100 255 4166 fontibus
276 4102 475 4184 maximeque
498 4101 536 4165 de
555 4100 732 4166 Aristotele
751 4123 790 4163 ex
808 4100 956 4182 professo
971 4101 1152 4164 accuratius
1167 4100 1274 4182 dispu-

100 4209 201 4274 tavit.
233 4207 283 4271 his
317 4208 467 4272 omnibus
501 4211 533 4270 et
565 4206 779 4272 recentissimi
812 4205 950 4270 editores
983 4209 1016 4270 et
1038 4205 1218 4270 Urlichsius
1242 4206 1276 4268 in

100 4313 257 4382 vindiciis
277 4314 435 4378 Plinianis
454 4313 716 4398 locupletissimis
736 4313 787 4376 usi
806 4316 882 4377 sunt
901 4316 997 4395 atque
1017 4310 1162 4398 Silligius
1177 4312 1276 4376 etiam

99 4419 281 4490 admiscuit
301 4421 533 4486 commentario
554 4419 705 4486 editionis
726 4441 802 4484 suae
827 4419 924 4484 huius
944 4419 1031 4484 modi
1055 4418 1281 4483 adnotationes
