3212 5088
680 325 721 388 87

113 521 272 605 dicantur,
294 523 331 584 ut
353 519 519 585 ballaenae
543 519 578 583 in
600 519 768 604 angustias
793 520 990 604 compellant
1013 524 1046 585 et
1067 522 1210 606 inpedire
1235 545 1273 586 ne

112 647 129 688 e
164 626 236 690 sinu
268 626 303 690 in
333 626 435 690 altum
469 625 616 710 evadant,
645 625 679 688 in
712 649 774 710 quo
808 626 973 709 dispersae
1000 628 1041 691 ad
1068 627 1184 693 flexum
1212 629 1278 693 sint

18 807 19 812 η
112 733 311 798 mobiliores

18 819 19 828 ἵ
200 839 276 905 Non
299 839 404 925 magis
428 837 522 903 credo
548 838 651 902 eidem
679 840 853 905 correctori
876 839 940 904 VII
968 841 1118 923 laquei
1142 841 1284 924 scripsit:

110 947 146 1007 ire
162 945 280 1026 parnis
302 952 404 1012 uatem
427 946 578 1011 reticendo
605 950 686 1022 earet,
711 951 801 1028 atquc
825 947 1025 1029 frequenter,
1047 951 1158 1012 ceorles
1180 967 1283 1028 repca-

110 1051 202 1116 tiace.
239 1050 301 1116 hoc
327 1053 533 1119 Detlefseuus
563 1052 697 1136 recepit,
726 1052 852 1117 codices
880 1053 1003 1118 habent
1027 1053 1209 1134 frequentia.
1251 1057 1285 1117 at

108 1179 177 1222 non
201 1139 394 1242 ¹frequenter
430 1158 588 1224 miraculo
621 1163 697 1222 sunt
729 1160 916 1242 repentinae
948 1163 1088 1243 mortes,
1121 1159 1176 1222 sed
1209 1162 1285 1224 sunt

109 1285 230 1350 magua
248 1265 439 1348 frequentia,
459 1287 535 1328 narn
558 1264 619 1328 etsi
637 1264 770 1349 longam
784 1263 908 1330 Plinius
927 1251 1147 1350 enemplorum
1167 1266 1283 1330 seriem

110 1373 287 1455 enumerat,
311 1370 414 1436 multa
437 1373 547 1434 tamen
570 1371 790 1454 praetermisit
808 1371 935 1436 delectu
954 1372 1105 1437 instituto
1125 1395 1164 1436 ex
1182 1374 1282 1458 pluri-

111 1477 174 1542 mis
199 1499 280 1562 quae
303 1476 447 1561 prodidit
470 1477 615 1544 Verrius.
640 1477 747 1560 aptius
771 1476 873 1561 igitur
896 1480 945 1540 est
965 1477 1136 1560 frequentes
1159 1479 1282 1562 vel„ne

109 1607 248 1666 pravum
267 1571 483 1649 correctorem
503 1583 713 1667 corrigamus
732 1579 788 1646 sed
806 1605 977 1666 pareamus
996 1583 1154 1648 librorum
1174 1589 1282 1650 aucto·

108 1689 211 1774 ritati,
231 1712 303 1755 cum
322 1690 555 1754 exclamatione
574 1689 609 1754 in
627 1687 816 1771 parenthesi
840 1688 961 1752 dictum
984 1694 1019 1753 ct
1034 1712 1126 1772 qaae
1142 1692 1282 1774 frequen-

108 1798 169 1874 tia,
203 1797 407 1880 aptissimum
435 1818 511 1861 vero
550 1796 601 1880 sit,
634 1795 698 1859 nisi
728 1794 877 1860 licentiae
904 1795 1082 1882 tribuatur,
1108 1819 1281 1881 amaraque

106 1902 290 1986 frequentia.

198 2009 328 2075 Diutius
363 2031 458 2093 quam
493 2008 580 2073 volui
613 2011 831 2073 commoratus
865 2031 936 2072 sum
970 2009 1004 2072 in
1026 2012 1205 2079 tractandis
1229 2012 1281 2077 his

107 2116 363 2180 correctionibus
393 2115 537 2180 codicum
566 2113 683 2198 DRFa,
707 2135 765 2178 nec
790 2116 899 2178 tamen
922 2117 1043 2198 protuli
1067 2119 1177 2184 omnia
1200 2141 1281 2202 quae

107 2221 142 2285 in
166 2223 389 2288 controversia
413 2225 592 2287 versantur.
630 2221 686 2284 sed
709 2220 843 2284 editoris
868 2242 906 2284 ea
929 2225 979 2286 est
1003 2223 1158 2307 condicio,
1183 2229 1219 2289 ut
1242 2227 1280 2290 de

106 2329 170 2391 hac
193 2351 227 2392 re
251 2328 327 2412 quid
351 2332 476 2394 statuat
499 2351 565 2393 non
587 2329 700 2411 possit.
714 2350 781 2394 non
804 2349 1000 2412 expromere.

198 2433 313 2518 Atque,
346 2437 383 2499 ut
414 2434 556 2499 breviter
589 2416 785 2518 complectar
818 2439 900 2518 quae
924 2435 1110 2501 disserendo
1134 2439 1280 2529 evincere

107 2545 243 2607 conatus
277 2563 357 2628 sum,
381 2541 517 2626 originis
545 2541 846 2626 progressionisque
878 2543 1113 2608 correctionum
1137 2545 1280 2609 omnium

107 2648 227 2734 gradus
258 2651 354 2732 atque
384 2650 507 2712 aetates
532 2651 640 2712 statuo
663 2651 746 2711 tres:
771 2648 879 2730 aliqua
902 2671 977 2731 pars
1001 2649 1085 2713 redit
1108 2651 1148 2716 ad
1171 2653 1279 2718 arche-

107 2760 225 2840 typnm
244 2755 384 2839 aliquem
402 2757 575 2840 vetustum,
591 2754 645 2838 qui
666 2753 831 2838 puriorem
851 2757 883 2817 et
900 2756 1079 2838 pleniorem
1093 2761 1279 2824 contextum

107 2861 250 2928 servavit
281 2881 378 2946 quam
409 2860 605 2926 recentiores
638 2860 715 2924 libri
744 2882 864 2924 omnes.
902 2883 940 2925 ex
968 2861 1030 2926 hoc
1057 2865 1124 2927 tres
1154 2865 1278 2932 codices

105 2990 191 3033 nunc
215 2967 395 3032 oblitterati
419 2969 452 3032 et
473 2967 632 3053 incogniti
656 2968 703 3030 ita
727 2970 803 3031 sunt
827 2968 997 3054 emendati,
1020 2973 1056 3034 ut
1084 2971 1278 3038 emendatio-

105 3098 186 3140 num
208 3077 354 3140 auctores
372 3074 426 3139 hic
445 3075 513 3138 illic
535 3097 593 3139 sua
612 3076 795 3139 commenta
813 3074 989 3140 admiscere
1003 3097 1069 3140 non
1085 3077 1279 3145 dubitarent.

105 3182 158 3246 his
187 3181 321 3266 denique
349 3181 534 3265 archetypis
562 3181 667 3246 tribus
695 3182 747 3274 usi
775 3185 850 3246 sunt
878 3182 933 3265 qui
961 3188 1169 3249 correxerunt
1191 3185 1221 3250 D
1245 3191 1279 3252 et

105 3289 135 3352 n
168 3291 200 3352 et
231 3285 287 3372 Fa,
319 3288 409 3352 varia
438 3289 487 3353 illi
520 3287 648 3372 quidem
682 3287 882 3372 assiduitate,
916 3287 1094 3374 diligentia,
1126 3291 1198 3377 fide,
1222 3294 1278 3358 sed

106 3418 219 3459 omnes
252 3417 289 3459 eo
323 3395 408 3459 inter
441 3417 474 3459 se
508 3395 645 3479 similes,
679 3394 765 3479 quod
797 3395 1006 3460 coniecturali
1039 3398 1177 3480 quadam
1208 3404 1277 3464 arte

104 3502 182 3567 rudi·
206 3504 238 3566 et
265 3501 405 3584 inperita
439 3501 609 3566 subvenire
636 3501 741 3565 Plinio
775 3500 975 3566 studuerunt.
1015 3503 1125 3587 itaque
1153 3506 1277 3588 primae

104 3609 222 3674 aetatis
247 3607 500 3674 correctionibus
519 3609 695 3692 plurimum
716 3611 766 3672 est
785 3608 999 3691 auctoritatis,
1019 3609 1153 3676 alterius
1174 3614 1275 3677 multo

103 3716 221 3798 minus,
252 3712 335 3778 nihil
367 3714 492 3778 tertiae.
531 3714 582 3779 eui
615 3735 759 3798 quaeque
792 3715 891 3779 aetati
917 3715 1121 3800 adsignanda
1154 3719 1210 3804 sit,
1242 3720 1276 3784 in

104 3820 241 3907 singulis
277 3817 358 3884 locis
396 3819 644 3904 diligentissime
680 3820 942 3904 perpendendum
980 3827 1030 3886 cst
1066 3824 1197 3908 eiusque
1229 3826 1276 3890 rei

104 3929 269 3994 momenta
292 3926 466 4009 repetenda
490 3937 539 3990 ex'
553 3927 715 3991 communi
739 3949 849 3991 earum
873 3927 957 3992 inter
981 3951 1015 3992 se
1035 3931 1092 3994 aut
1110 3953 1182 3996 cum
1203 3932 1275 3996 aliis

103 4034 267 4101 codicibus
292 4034 503 4099 consensione
528 4035 578 4118 uel
602 4033 813 4098 similitudine
838 4038 932 4099 etex
958 4035 1156 4100 narrationis
1181 4059 1275 4123 argu·

103 4145 224 4225 mento,
256 4140 407 4205 dictionis
439 4139 608 4204 Plinianae
639 4141 849 4225 proprietate,
880 4143 1113 4226 probabilitate
1145 4146 1275 4226 palaeo-

104 4247 272 4335 graphica.

192 4353 286 4420 Hano
310 4355 418 4419 autem
441 4353 600 4419 rationem
626 4355 652 4419 si
677 4354 727 4420 eui
754 4354 928 4438 inprobare
956 4355 1128 4440 potiusque
1151 4355 1274 4424 Detlef-
