3212 5088
654 373 696 440 63

13 565 20 580 ”
87 593 193 636 nuere
205 569 290 637 hanc
309 571 532 655 exemplorum
547 571 673 655 seriem,
689 570 807 654 quippe
825 589 907 654 quae
927 568 1008 634 satis
1028 569 1259 653 demonstrent,

85 675 134 740 Di
156 679 326 763 proprium
346 679 410 745 ribi
429 679 596 761 postulare
616 677 831 760 archetypum
849 673 902 760 X3,
920 677 1021 760 probe
1039 676 1133 741 illum
1147 675 1259 740 distin·

85 785 252 868 guendum
275 808 295 850 a
317 783 361 848 X¹
380 787 413 849 et
426 781 478 848 Xt
511 784 546 848 hi
567 786 634 848 tres
659 785 767 847 autem
785 781 911 848 codices
930 783 1089 868 incogniti
1107 783 1261 866 quonium

86 891 235 975 alioquin
257 891 344 956 haud
367 891 501 955 dubiam
519 912 597 977 prae
617 912 652 954 sc
671 890 780 954 ferunt
799 889 1054 973 similitudinem,
1073 889 1156 954 nihil
1175 889 1260 954 aliud

84 1000 192 1062 restat
224 1019 322 1082 quam
351 1001 388 1062 ut
421 997 583 1063 communi
615 1018 726 1062 omnes
755 996 1010 1080 propinquitatis
1034 996 1162 1068 vinculo
1187 1019 1261 1063 con-

84 1103 215 1169 iunctos
240 1126 311 1169 esse
335 1108 368 1168 ct
389 1106 556 1187 postremo
581 1103 684 1188 gradu
708 1103 747 1167 ad
771 1103 907 1168 eundem
925 1102 1049 1168 fontem
1068 1099 1139 1189 (X4)
1157 1103 1260 1167 redire

85 1209 298 1296 suspicemur.

178 1315 267 1392 Quae
294 1338 368 1382 oum
396 1318 443 1382 ita
471 1318 546 1403 sint,
574 1339 641 1383 non
667 1337 776 1401 unus,
804 1320 841 1380 ut
869 1316 1074 1381 Detlcfscnus
1102 1316 1181 1400 vult,
1205 1317 1260 1380 scd

84 1424 279 1505 quattuor
303 1424 471 1508 archetypi
495 1447 533 1489 ex
557 1424 757 1490 obscuritate
780 1423 815 1486 in
836 1423 942 1488 lucem
965 1422 1134 1506 prodeunt.
1164 1425 1261 1507 atquc

82 1529 168 1592 haec
192 1529 321 1614 quidem
345 1529 383 1594 de
408 1530 534 1614 origine
558 1534 591 1594 st
613 1529 856 1614 propinquitate
880 1530 1117 1595 correctionum
1131 1529 1259 1613 quaein
1278 1601 1281 1606 ¹

85 1633 199 1700 DRFa
221 1634 428 1702 inveniuntur
451 1635 635 1720 disputasse
660 1637 740 1701 satis
765 1637 816 1700 sit.

661 1834 682 1897 2

178 1953 330 2040 Sequitur
360 1958 509 2040 quaestio
540 1957 644 2022 altera
674 1956 850 2040 separatim
879 1953 1066 2040 tractanda,
1097 1978 1179 2041 quac
1212 1959 1261 2022 est

84 2063 125 2126 de
154 2062 285 2126 illarum
313 2061 392 2127 fide
416 2067 531 2148 atque
554 2062 801 2128 auctoritate.
829 2083 932 2147 neque
957 2062 1044 2126 enim
1067 2062 1189 2128 sufficit
1211 2064 1260 2128 in-

84 2169 270 2253 vestigasse
291 2170 468 2235 lectionum
491 2169 768 2235 correctionumve
792 2191 831 2232 ex
849 2171 977 2233 vetusto
998 2173 1030 2233 εὴ
1048 2169 1134 2234 bono
1157 2191 1260 2234 erem·

84 2274 172 2358 plari
195 2275 363 2360 originem,
384 2277 439 2341 sed
461 2279 630 2360 praeterea
651 2297 782 2340 necesse
806 2277 856 2338 est
879 2273 1046 2339 aestimari
1069 2276 1102 2338 et
1124 2275 1261 2359 expendi

85 2404 230 2466 quonam
262 2382 358 2448 modo
390 2386 537 2448 auctores
568 2405 679 2447 earum
710 2403 743 2446 se
771 2381 933 2467 gesserint
955 2381 990 2446 in
1014 2380 1183 2446 scribendo
1207 2384 1258 2446 vel

85 2487 288 2574 corrigend0,
316 2510 381 2573 qua
409 2487 579 2574 diligentia
606 2489 658 2553 usi
687 2488 753 2552 sint
777 2509 902 2572 quaque
924 2486 987 2551 fide
1011 2489 1044 2551 et
1067 2489 1260 2554 constantia.

84 2611 165 2658 nam·
188 2595 265 2678 quid
287 2595 386 2660 refert
410 2594 551 2660 scribam
574 2593 728 2659 habuisse
753 2594 967 2678 archetypum
996 2594 1259 2678 antiquissimum

85 2704 120 2765 et
144 2700 377 2785 incorruptum,
401 2701 429 2765 si
457 2700 528 2783 ipse
551 2701 739 2785 corruperit,
763 2701 793 2765 si
816 2701 856 2764 ab
881 2721 919 2764 eo
939 2699 1095 2784 recedere,
1114 2699 1171 2764 ubi
1191 2701 1259 2784 pla·

85 2808 192 2892 oebat,
206 2808 234 2872 si
250 2808 389 2892 litteras,
409 2806 564 2892 syllabas,
581 2809 682 2872 verba
705 2807 891 2872 coniectura
910 2809 1032 2872 temere
1051 2809 1176 2872 mutare
1193 2829 1259 2872 non

85 2913 307 2980 dubitauerit?
330 2935 437 2978 nonne
461 2914 652 2998 gravissime
675 2913 866 2998 infringitur
888 2914 1126 2979 correctionum
1149 2918 1259 2979 aucto-

85 3021 180 3105 ritaS,
202 3021 350 3105 quamvis
374 3043 413 3085 ex
435 3021 521 3085 bono
545 3018 722 3103 exemplari
746 3018 975 3105 derivatarum,
995 3021 1023 3085 si
1045 3022 1259 3086 correctorem

86 3147 220 3190 munere
249 3149 307 3191 suo
335 3149 402 3192 non
429 3126 535 3190 dicam
557 3128 765 3212 neglegenter
787 3163 831 3173 —
853 3150 930 3193 narn
954 3126 988 3192 id
1009 3127 1138 3192 facilius
1162 3127 1261 3191 firerit

85 3231 230 3298 toleratu
254 3270 295 3278 -
321 3233 377 3297 sed
400 3255 528 3298 summa
549 3234 683 3298 levitate
706 3232 853 3298 functum
876 3255 946 3298 esse
971 3233 1118 3298 convinci
1136 3233 1260 3317 possit?

86 3361 188 3423 quam
211 3339 253 3404 ob
276 3360 345 3402 rem
368 3337 406 3402 de
430 3361 623 3425 unoquoque
646 3343 800 3424 quattuor
822 3340 954 3404 illorum
977 3341 1195 3405 correctorum
1214 3341 1260 3404 vi-

87 3445 229 3510 dendum
257 3449 319 3530 est,
348 3446 462 3530 quanti
490 3447 698 3512 aestimemus
727 3469 839 3528 eorum
866 3448 1070 3532 diligentiam
1099 3449 1132 3511 et
1154 3446 1259 3510 fidem.

87 3552 231 3636 primum
254 3552 357 3638 igitur
380 3553 610 3638 aggrediamur
632 3553 673 3618 ad
696 3557 911 3620 correctorem
934 3553 1087 3620 Vaticani

648 3747 692 3812 D‘l

692 3801 701 3835 θ

86 3871 141 3939 cui
167 3871 377 3956 praecipuam
404 3870 610 3938 Detlefsenus
644 3875 872 3939 auctoritatem
903 3871 991 3937 haud
1017 3873 1169 3939 inmerito
1202 3875 1259 3939 tri-

85 3980 169 4064 buit,
190 4001 268 4044 nam
294 3979 364 4043 eius
393 3978 605 4064 archetypum
627 3975 673 4042 X3
696 3982 860 4045 vetustum
883 3982 915 4043 et
937 3980 1060 4044 bonum
1082 3980 1183 4045 fuisse
1207 3981 1258 4046 de·

87 4087 216 4151 clarant
242 4085 278 4149 in
303 4084 419 4169 primis
446 4085 606 4151 lacunae
637 4086 676 4150 16
705 4082 840 4172 (partim
869 4108 942 4150 cum
965 4085 1000 4150 M
1023 4091 1080 4152 aut
1102 4085 1158 4174 R2)
1183 4091 1258 4172 apte

88 4193 236 4278 expletae
267 4194 300 4256 et
329 4191 485 4256 lectiones
520 4191 571 4277 70,
603 4192 719 4275 quibus
752 4193 918 4276 conspirat
947 4215 1020 4259 cum
1043 4193 1152 4260 codice
1176 4194 1259 4257 anti-

88 4298 246 4384 quissimo
280 4297 315 4362 M
346 4296 492 4382 aliaeque
525 4299 704 4382 scripturae
737 4303 807 4364 tum
837 4321 933 4364 verae
963 4303 1033 4364 tum
1065 4299 1178 4383 falsae,
1202 4299 1259 4364 sed

86 4408 149 4472 hae
174 4427 271 4471 sensu
294 4403 373 4469 adeo
398 4404 582 4492 destitutae,
605 4409 642 4470 ut
663 4407 749 4471 hanc
771 4407 878 4490 ipsam
901 4406 942 4472 ob
967 4429 1098 4493 causam
1120 4409 1257 4472 temera·
