3212 5088
819 275 977 376 Ji„

312 473 477 560 copiosius
505 495 590 538 nune
620 471 805 556 explicabo,
842 470 1008 554 quoniam,
1044 472 1082 534 ut
1110 471 1240 536 tandem
1278 471 1493 536 conficeretur

312 581 394 644 haec
418 580 580 664 quaestio,
603 602 622 644 a
646 600 711 662 qua
734 577 852 661 pendet
866 599 943 642 vera
965 577 1111 642 locorum
1135 577 1260 664 aliquot
1282 571 1492 659 existimatm,

314 688 460 771 exempla
482 686 613 751 interim
627 685 775 770 congessi
790 683 899 749 omnia
913 687 946 746 et
969 684 1002 746 in
1017 694 1169 748 numeros
1189 686 1393 748 consectatus
1408 707 1492 750 sum.

314 798 411 879 atque
435 793 570 878 additis,
593 797 630 858 ut
652 813 711 876 par
735 793 797 874 est,
820 790 861 854 iis
885 790 965 853 locis
992 791 1049 874 17,
1071 791 1106 854 in
1130 791 1245 874 quibus
1260 792 1433 874 dissimilis,
1457 795 1492 854 11

315 902 351 985 6,
380 901 416 964 in
443 899 558 986 quibus
586 899 738 964 absimilis
767 896 899 980 legitur,
930 896 1119 980 praeposita
1147 897 1274 981 quidem
1302 898 1491 982 plerumque

314 1007 475 1091 particula
504 1006 670 1092 negativa,
698 1006 733 1070 in
755 1007 827 1069 tota
849 1003 991 1068 naturali
1013 1003 1153 1068 historia
1181 1003 1308 1070 dativi
1332 1009 1420 1069 certa
1442 1005 1490 1069 in-

315 1114 525 1198 dubitatoque
549 1113 697 1196 exempla
718 1110 827 1175 inveni
850 1111 931 1194 434,
958 1133 1018 1175 nee
1039 1113 1152 1174 tamen
1172 1112 1358 1197 negaverim
1382 1111 1492 1195 aliqua

315 1243 366 1285 me
395 1219 612 1304 praeteriisse.
662 1215 703 1282 ad
731 1237 812 1301 quae
841 1217 996 1282 accedunt
1022 1218 1190 1300 praeterea
1218 1219 1277 1301 96,
1303 1219 1338 1282 in
1365 1218 1492 1302 quibus,

316 1347 389 1392 cum
411 1325 535 1410 primae
559 1322 783 1389 declinationis
808 1323 981 1409 singularis
1004 1324 1132 1407 positus
1153 1324 1209 1409 sit,
1233 1324 1355 1408 ambigi
1378 1325 1492 1408 possit,

317 1433 400 1499 sitne
424 1432 592 1518 genetivus
608 1454 651 1495 an
673 1431 801 1497 dativus
825 1430 1074 1515 intellegendus,
1099 1430 1154 1496 aed
1168 1451 1208 1493 ne
1231 1429 1266 1492 in
1287 1428 1339 1494 his
1363 1430 1492 1514 quidem

316 1540 502 1625 genetivum
517 1538 651 1620 agnosci
664 1537 778 1604 iubent
800 1538 879 1622 loci,
902 1537 1066 1621 inquibus
1091 1535 1179 1601 aliud
1191 1558 1310 1601 nomen
1330 1537 1492 1602 adiectum

315 1645 450 1730 legitur,
478 1647 516 1708 ut
538 1643 571 1707 II
594 1645 635 1708 47
659 1646 794 1728 siparum
816 1650 918 1709 cutem
939 1644 1073 1709 similem
1095 1648 1202 1709 metue
1223 1663 1261 1707 oc
1283 1644 1417 1708 turbini
1443 1647 1493 1708 in-

316 1773 426 1836 verso,
452 1749 531 1815 XVI
557 1749 620 1814 145
648 1751 827 1816 similisesi
852 1770 955 1815 rosae
977 1751 1129 1830 siluestri,
1153 1753 1249 1833 atque
1273 1749 1370 1814 etiam
1393 1750 1493 1815 iniis
1582 1831 1583 1836 ἵ

317 1859 414 1942 10111,
437 1856 471 1922 in
496 1855 613 1940 quibus
636 1877 687 1920 res
712 1856 907 1941 aliquosum
930 1859 1040 1939 parte
1064 1857 1197 1922 alterius
1220 1857 1267 1920 rei
1287 1860 1494 1940 comparatur

317 1964 453 2050 ideoque
477 1963 662 2047 genetivum
685 1984 743 2046 per
758 1962 888 2046 ellipsin
910 1967 1102 2048 usurpatum
1117 1985 1187 2028 esse
1211 1963 1306 2028 facile
1323 1963 1495 2047 suspicere,
1584 1970 1585 2000 l

318 2074 360 2139 ut
381 2069 445 2135 XII
473 2069 516 2134 33
545 2069 676 2134 lacrimo
701 2069 837 2150 pretioso
862 2089 987 2134 marrae
1019 2067 1200 2156 (lacrimae)
1235 2070 1343 2150 simili,
1380 2070 1422 2134 ib.
1450 2071 1493 2136 39
1585 2062 1586 2098 l

317 2175 392 2258 solio
409 2177 537 2258 palmae
560 2171 668 2260 (folio)
691 2177 802 2255 simili,
826 2175 873 2240 IX
892 2175 954 2240 175
977 2177 1079 2258 capim
1101 2197 1205 2240 omrem
1228 2197 1291 2242 osse
1312 2198 1410 2244 romae
1426 2200 1495 2242 om·

320 2285 407 2350 1111αο
434 2281 626 2368 (capitibus)
649 2284 780 2361 similia,
808 2281 887 2348 XIX
917 2284 956 2348 77
983 2283 1063 2364 solio
1085 2304 1192 2348 ermom
1223 2282 1340 2370 (foliis)
1368 2286 1495 2364 similia,

320 2389 493 2456 dativum
517 2392 604 2455 reeta
628 2389 774 2474 intellegi
797 2411 893 2472 posse
921 2387 1092 2473 permultis
1120 2389 1200 2455 locis
1225 2392 1372 2475 arguitur
1398 2392 1495 2456 huius
1588 2377 1589 2382 ἵ

320 2498 419 2564 modi:
446 2495 493 2561 XI
517 2497 581 2562 203
604 2500 722 2560 amires
744 2496 900 2578 elephanto
923 2502 1079 2580 quattuor,
1106 2499 1229 2561 cetero
1255 2499 1364 2564 subus
1390 2499 1495 2563 simi-
1589 2483 1590 2486 ¹

321 2607 387 2684 iio,
404 2602 709 2687 pulmopmmimplc
731 2605 833 2668 maior
855 2605 976 2688 bubicio,
1004 2602 1067 2668 XII
1094 2603 1155 2668 129
1179 2607 1359 2686 supersim
1382 2602 1495 2691 (malo-

319 2707 445 2796 bathrI)
468 2709 565 2774 mord
572 2729 589 2773 0
612 2709 726 2774 similis
748 2731 810 2775 esse
831 2711 925 2790 debet,
947 2709 1026 2775 XXI
1041 2709 1082 2776 89
1104 2711 1191 2791 foliis
1204 2731 1288 2776 eroco
1310 2711 1495 2788 sioiiiiimis;

321 2820 428 2882 cetera
455 2816 607 2899 pleraque
635 2815 767 2900 collegit
797 2813 942 2902 Silligius
976 2815 1016 2880 ad
1045 2815 1171 2880 XXXII
1196 2816 1272 2900 149,
1300 2815 1356 2880 cfr.
1381 2816 1442 2881 lue.
1464 2839 1496 2900 p.

322 2924 362 2989 97
386 2925 454 2988 not.
474 2923 524 2987 59.
548 2943 625 3005 ergo
649 2922 757 2987 omnia
780 2921 882 2988 dativi
905 2923 1053 3007 exempla
1070 2943 1203 2986 11111110
1228 2922 1498 2988 111153911110

322 3053 398 3097 vero
426 3029 590 3094 inmensae
618 3029 818 3096 multitudini
847 3030 1000 3115 opposita
1030 3032 1106 3094 sunt
1142 3030 1314 3114 genetivi
1352 3031 1498 3114 exempla

321 3159 388 3202 non
411 3135 549 3220 amplius
573 3159 670 3221 quam
693 3137 752 3221 34,
780 3158 863 3220 quae
886 3137 920 3202 in
942 3135 1124 3201 Detlefseni
1152 3136 1290 3201 editione
1319 3135 1421 3201 adhuc
1445 3159 1496 3202 ex·

323 3245 420 3308 stant.
466 3263 547 3326 quae
571 3243 680 3326 qualia
703 3243 782 3327 sint,
805 3243 999 3328 singillatim
1020 3264 1106 3308 nunc
1129 3243 1339 3326 inquiramus.

411 3346 460 3413 Ac
482 3348 622 3432 primum
647 3348 774 3433 quidem
798 3350 839 3416 ab
862 3349 923 3414 hoc
945 3371 1079 3415 numero
1107 3350 1272 3435 segregari
1294 3371 1424 3415 necesse
1447 3355 1498 3417 est

324 3456 434 3522 omnia
457 3478 509 3539 11,
532 3455 567 3519 11
590 3455 705 3540 quibus
730 3457 897 3541 genetivus
911 3476 978 3522 non
1000 3455 1120 3539 pendet
1143 3479 1181 3520 ex
1205 3456 1363 3523 adiectivo
1377 3459 1498 3542 similis,

324 3562 380 3628 sed
402 3561 581 3645 explicatur
604 3563 713 3646 ellipsi
735 3586 786 3648 11,
811 3561 848 3628 de
872 3561 1046 3648 quamodo
1070 3562 1216 3629 diximus.
1246 3587 1323 3628 nam
1345 3587 1411 3630 non
1428 3565 1499 3629 ubi-

324 3691 385 3753 que
399 3667 525 3732 Plinius
544 3669 578 3732 in
597 3669 838 3752 comparatione
858 3667 1098 3752 compendiaria
1117 3669 1261 3736 dativum
1281 3671 1421 3755 adhibet,
1443 3673 1499 3737 sed

323 3776 485 3842 interdum
498 3777 717 3859 pleniorem
740 3779 981 3842 structuram
995 3777 1101 3862 ponit,
1125 3781 1162 3841 ut
1174 3777 1222 3842 IX
1236 3778 1277 3842 37
1293 3776 1498 3863 (testudines)

320 3885 453 3966 parium
474 3905 531 3947 ooo
553 3885 658 3948 coium
681 3884 897 3961 cumsimilis,
925 3882 1018 3948 XXV
1041 3883 1084 3947 35
1109 3885 1190 3948 tertii
1218 3881 1423 3969 (hyoscyami
1446 3905 1499 3968 ge-

324 3987 427 4075 neris)
454 4009 555 4054 semem
582 3992 692 4056 irionis
721 3990 832 4056 semim
857 3991 971 4070 simile,
1000 3988 1080 4053 VIII
1112 3990 1154 4054 79
1183 3985 1386 4075 (ecphorum)
1407 3992 1502 4074 pedes

318 4098 502 4182 posteriores
529 4099 659 4179 perlitus
688 4098 834 4162 memoriis
862 4148 868 4161 .
892 4147 899 4162 .
925 4096 1020 4176 fuere¹
1043 4079 1170 4176 similes,
1208 4098 1264 4160 aut
1301 4096 1500 4163 adiectivo

222 4193 226 4198 ’
324 4205 439 4290 utitur,
462 4207 499 4270 ut
513 4203 593 4269 VIII
610 4205 670 4269 121
695 4209 829 4269 rostrum
853 4200 1121 4289 (chamaeleonis)
1145 4203 1222 4267 licut
1239 4203 1378 4269 absimile
1400 4205 1503 4284 suilla,

324 4313 371 4378 IX
385 4313 428 4377 23
452 4309 619 4397 (delphino
635 4307 699 4395 est)
717 4331 778 4394 pm
801 4331 868 4375 uoce
886 4311 1018 4394 pemitms
1040 4309 1317 4390 immitissimis,
1340 4309 1420 4378 VIII
1439 4311 1503 4380 155
