3212 5088
320 564 427 618 Plinius
762 567 795 622 a¹
815 569 848 637 -l-
867 567 902 622 a²
1075 570 1113 622 1³¹
1134 571 1166 639 ·†-
1186 571 1228 624 F²

184 678 233 725 201
265 669 294 724 in
317 674 399 740 potu
423 674 516 728 autem
543 673 643 742 quibus
695 675 813 744 pontum
1018 678 1116 745 potum

268 742 367 796 seruati
392 744 489 798 dentes
515 744 644 798 lambunt
696 748 794 814 potum
1018 750 1135 816 pontum

140 831 166 884 ll
205 838 238 886 22
266 833 299 884 ut
324 849 395 886 sors
421 831 496 902 ipsa
519 833 641 902 prodeo
696 836 825 902 (deestin
844 836 889 903 η’)
1017 853 1097 906 proso
1116 835 1178 906 ipsa

269 902 305 956 sit
695 923 754 960 sors
772 905 834 975 ipsa
1016 925 1103 978 prope
1121 907 1183 977 ipsa
1202 907 1262 962 sola

203 997 236 1045 51
263 991 381 1044 materia
412 1011 498 1060 quac
536 992 643 1048 iaciat
696 993 784 1049 iactat
1018 996 1106 1050 iactat
1204 1005 1207 1013 “
1296 992 1300 998 ’

269 1063 416 1133 (umbram)
696 1065 785 1120 iactat
802 1084 872 1134 quae
1017 1066 1121 1122 iactam

203 1157 237 1205 59
267 1151 482 1206 discedentes
516 1153 643 1222 partibus
698 1154 828 1209 descentc
1019 1155 1142 1210 discente

267 1240 420 1291 numquam
445 1223 566 1294 amplius
594 1244 643 1278 un·
698 1225 881 1280 descendente
901 1227 963 1296 1111)
1018 1226 1191 1281 discedentes
1216 1226 1281 1294 (dis-

269 1293 346 1348 denis
1036 1298 1138 1352 cedunt
1156 1298 1209 1367 It²)

197 1475 288 1539 Haec
306 1475 509 1559 documenta,
524 1498 606 1560 quac
627 1499 665 1540 ex
684 1497 804 1560 magno
822 1500 957 1542 numero
978 1477 1165 1562 speciminis
1186 1499 1283 1541 causa

102 1582 206 1666 clegi,
236 1582 390 1666 pleraque
423 1583 533 1648 omnia
561 1583 630 1648 eius
662 1565 858 1667 medicant,
880 1588 1006 1650 utnon
1028 1585 1194 1668 possimus
1217 1607 1282 1648 non

103 1689 254 1752 statuere
270 1691 327 1752 aut
342 1692 558 1754 correctorum
574 1689 813 1776 indiligentiam
828 1694 861 1755 et
874 1691 1083 1756 temerariam
1102 1691 1282 1774 scripturae

101 1794 295 1858 tralaticiae
323 1795 628 1879 interpretationem
654 1797 816 1862 latissime
841 1800 993 1883 vegetam
1019 1819 1089 1861 esse
1114 1799 1147 1860 et
1163 1795 1282 1862 finibus

102 1901 165 1965 vix
194 1900 355 1966 inclusam
387 1905 443 1966 aut
469 1901 545 1966 illos
575 1926 613 1968 ex
646 1904 730 1970 binis
753 1905 902 1969 hausisse
926 1904 1113 1988 archetypis
1138 1903 1283 1986 diversis,

103 2007 260 2091 quamvis
293 2007 435 2072 eiusdem
468 2009 604 2094 originis
637 2011 813 2096 multisque
845 2012 926 2077 locis
956 2011 1041 2075 inter
1069 2033 1103 2074 se
1126 2032 1283 2094 perquam

105 2114 283 2180 similibus.
317 2116 373 2180 sed
403 2116 557 2200 quoniam
589 2117 624 2181 in
655 2118 727 2202 ipso
760 2141 822 2182 usu
852 2118 965 2183 critico
996 2116 1058 2182 hoc
1081 2138 1147 2181 uon
1172 2115 1283 2201 magni

6 2211 7 2232 ¹
104 2221 268 2287 momenti
293 2225 351 2307 est,
373 2222 471 2288 facile
495 2223 710 2288 concesserim
733 2223 931 2308 Detlefseno‚
950 2223 1181 2288 creberrimam
1198 2224 1284 2286 iuter

6 2325 8 2346 '
106 2325 144 2393 a2
168 2331 201 2392 et
223 2325 262 2392 F²
286 2327 538 2394 similitudinem.
556 2330 661 2414 repeti
684 2351 781 2413 posse
805 2352 844 2394 cx
862 2330 1068 2396 consortione
1087 2329 1182 2394 unius
1201 2330 1284 2393 eius-

105 2436 246 2520 demque
270 2434 390 2500 codicis
417 2418 516 2500 nobis*
536 2436 650 2522 ignoti
675 2459 769 2520 quem
791 2435 1037 2521 perspicuitatis
1057 2457 1155 2500 causa
1173 2435 1284 2498 li'ttera

105 2541 154 2606 X¹
179 2539 350 2628 designare
373 2543 490 2626 placet.

199 2647 270 2714 lam
298 2671 374 2714 vero
402 2649 478 2715 huie
506 2651 609 2716 codici
636 2651 679 2716 X¹
708 2675 790 2737 quac
821 2653 871 2716 est
897 2650 982 2715 ratio
1006 2671 1079 2713 cum
1104 2648 1309 2745 archetypo

109 2756 171 2819 illo
196 2777 234 2819 ex
257 2777 319 2839 quo
343 2749 504 2822 fluxerunt
527 2759 743 2824 correctiones
762 2756 827 2823 R2‘?
849 2779 908 2822 nec
933 2760 1002 2820 tam
1020 2757 1206 2840 frequentes
1225 2776 1284 2819 nec

105 2865 179 2925 tam
208 2861 374 2927 manifesti
402 2867 478 2928 sunt
504 2860 918 2949 1001,inquibusR2r²a2
942 2864 999 2926 aut
1020 2858 1104 2952 Rem
1128 2863 1184 2926 aut
1206 2857 1285 2926 R2a²

6 2969 7 2978 ’
106 2969 197 3034 inter
216 2989 249 3032 se
270 2972 459 3054 congruunt,
473 2973 510 3034 ut
529 2992 602 3034 cum
620 2969 855 3054 probabilitate
875 2969 985 3051 aliqua
1004 2968 1163 3032 eundem
1180 2967 1282 3032 fuisse

6 3073 8 3088 '
107 3074 338 3158 contendatur3
365 3074 466 3141 immo
497 3098 572 3141 vero
602 3075 719 3161 alium
746 3076 848 3140 fuisse
873 3097 946 3140 cum
970 3078 1107 3159 apparet
1131 3097 1147 3138 e
1170 3074 1282 3140 lectio·

104 3181 207 3246 nibus
239 3181 327 3246 haud
357 3181 480 3267 paucis,
513 3205 595 3268 quae
619 3182 870 3268 archetyporum
894 3181 1117 3247 diversitatem
1144 3181 1283 3269 probare

107 3286 271 3372 videntur,
289 3290 326 3352 ut
385 3351 387 3358 ,

108 3603 300 3661 coniecturam
315 3607 474 3662 ercbdectae
487 3608 536 3674 uis,
552 3623 614 3660 cum
627 3623 717 3674 neque
733 3623 749 3660 a
764 3604 902 3660 sententia
915 3623 1006 3678 neque
1020 3623 1037 3659 a
1050 3602 1179 3661 Pliniana
1193 3607 1285 3660 elocu-

107 3695 188 3750 tione
199 3694 266 3749 satis
276 3695 393 3750 haberet
402 3694 660 3762 commendationis,
675 3694 852 3750 Detlefseuus
866 3693 926 3749 iure
936 3693 1091 3762 damnavit;
1106 3695 1181 3763 quod
1191 3696 1285 3750 autem

108 3786 173 3854 ipse
186 3784 312 3854 reposuit
327 3785 448 3852 artificia
461 3783 573 3855 longius
587 3783 693 3839 recedit
702 3783 737 3838 ab
751 3782 785 3838 iis
800 3783 910 3851 litteris,
926 3801 996 3852 quae
1007 3782 1285 3838 omnibuscodieibus

110 3891 272 3928 commrmes
286 3873 358 3941 sunt,
373 3891 457 3943 quam
466 3875 498 3929 ut
511 3891 561 3944 pro
571 3889 637 3928 vcro
651 3872 779 3940 habeam,
793 3890 859 3928 nam
870 3890 933 3926 cum
946 3873 1057 3942 legatur
1066 3872 1097 3926 in
1105 3871 1148 3925 R2
1158 3872 1284 3926 architec-

110 3961 216 4029 1101111,
234 3960 264 4015 in
278 3961 296 4014 d
311 3963 395 4016 arella
410 3968 436 4016 et
448 3963 519 4030 dbis,
537 3961 567 4014 in
581 3961 603 4014 T
619 3961 704 4015 orcita
717 3965 742 4013 et
755 3961 833 4030 eicis,
852 3962 991 4016 extremae
1005 3961 1116 4016 litterae
1131 3963 1170 4016 cis
1187 3962 1230 4015 his
1244 3962 1286 4015 bis

110 4050 154 4103 ris
160 4065 219 4103 non
231 4048 362 4104 videntur
371 4050 453 4119 plane
469 4050 587 4105 delenda
601 4066 669 4105 esse.
688 4065 767 4104 meae
781 4066 847 4104 vcro
863 4049 1036 4106 coniecturae
1052 4049 1287 4105 commendationi

6 4187 7 4190 ,
112 4138 178 4191 sunt
195 4137 274 4191 XXII
293 4143 338 4205 17,
362 4138 411 4192 ubi
429 4140 530 4193 natura
553 4137 731 4209 praedicatur
750 4140 923 4210 porcarella
942 4139 1090 4194 ecdiciae
1108 4156 1198 4193 reram
1217 4141 1285 4193 arti-

6 4273 7 4280 ,
111 4229 170 4294 tex,
194 4227 220 4279 II
241 4233 291 4281 lto
315 4228 387 4294 qaod
409 4227 451 4281 1111
474 4229 605 4295 formasse
628 4231 731 4297 artifea
752 4233 857 4284 catara
880 4227 954 4281 credi
976 4229 1061 4296 debet,
1085 4227 1145 4282 sse
1168 4232 1286 4282 naturae

6 4373 8 4384 γ
113 4317 235 4370 oninium
253 4317 370 4384 artifici,
390 4316 481 4370 XXXI
499 4324 514 4370 1
535 4318 630 4386 opifice
648 4322 765 4386 acturo,
788 4317 879 4372 XXIV
898 4321 932 4370 85
951 4309 1008 4370 rice
1026 4317 1106 4370 aliter
1124 4316 1287 4372 evidentiore

113 4407 166 4462 11111
185 4410 305 4466 aetenae
322 4407 368 4473 11,
386 4405 465 4462 XVII
484 4411 516 4463 72
536 4407 600 4464 boec
619 4407 872 4475 asinarumve,
892 4406 956 4459 haec
971 4404 1104 4476 potentio.
