3212 5088
947 374 967 437 6

875 464 1036 474 ω-------.-----,

369 569 423 653 qui
445 568 618 655 diligenter
637 571 669 631 et
689 570 811 631 attente
833 569 968 632 utuntur
982 587 1078 650 quam
1092 567 1232 632 molesta
1247 589 1342 650 saepe
1358 567 1547 632 afficiantur

370 675 497 739 consilii
519 674 639 758 inopia,
662 695 756 738 nemo
780 677 890 756 potest
913 674 1018 758 magis
1043 674 1162 738 sentire
1191 695 1287 756 quam
1312 674 1413 738 sensit
1436 673 1546 738 editor

370 783 439 864 ipse
463 781 497 844 in
521 780 600 844 locis
623 780 673 864 iis,
697 804 777 863 quos
801 781 924 864 priores
949 780 1089 844 editores
1113 783 1322 844 mutaverunt
1344 780 1451 844 causis
1476 803 1546 844 nou

370 887 548 970 explicatis.
572 887 691 950 etenim
716 909 812 969 saepe
836 885 952 950 dubius
976 886 1133 950 haerebat
1155 910 1298 970 quaeque
1317 887 1456 951 fuissent
1470 887 1545 952 illo-

369 1016 440 1056 rum
460 993 765 1076 rationcS,mult11n1
785 992 911 1055 demum
928 991 1102 1055 meditatus
1118 993 1291 1057 divinando
1308 995 1545 1077 assequebatur

370 1103 427 1162 aut
446 1099 533 1178 omni
553 1098 691 1180 undique
707 1102 861 1181 congesta
875 1098 1036 1162 iudicandi
1051 1099 1189 1162 materia
1204 1099 1334 1163 tandem
1348 1099 1545 1186 inveniebat,

369 1227 611 1289 nonnumquam
634 1204 737 1268 nihilo
765 1205 872 1268 minus
899 1204 1074 1269 nesciebat.
1097 1227 1172 1270 raro
1195 1205 1348 1270 nimirum
1373 1209 1405 1270 et
1427 1209 1545 1271 menda

371 1317 403 1376 ct
434 1312 575 1376 remedia
607 1333 664 1396 per
697 1333 730 1374 se
764 1315 832 1374 tam
855 1311 1029 1376 manifesta
1053 1315 1136 1396 sunt,
1159 1315 1196 1375 ut
1220 1312 1404 1378 admonitus
1429 1316 1544 1377 statim

371 1417 565 1503 adgnosces:
598 1418 693 1482 aliter
725 1416 840 1481 menda
871 1418 1024 1500 pleraque
1048 1419 1157 1482 omnia
1180 1420 1245 1482 iem
1270 1418 1389 1482 dudum
1413 1421 1542 1484 sublata

371 1530 487 1590 essent.
520 1526 669 1610 graviore
701 1547 778 1589 vero
811 1524 985 1588 laborabat
1008 1524 1208 1609 difficultate,
1232 1526 1336 1589 sicubi
1360 1525 1544 1590 offendebat

371 1633 404 1696 in
422 1633 503 1717 loco,
518 1632 573 1715 qui
592 1632 625 1695 in
641 1631 836 1696 editionibus
856 1631 979 1694 cunctis
999 1635 1198 1716 propagatus
1215 1633 1284 1694 erat
1305 1632 1398 1715 qnasi
1417 1633 1544 1716 integer

372 1741 404 1801 et
427 1738 460 1800 in
484 1759 547 1821 quo
569 1737 652 1801 nihil
676 1740 761 1801 esset
785 1736 982 1804 offensionis.
1023 1737 1330 1808 mendumsubesse
1353 1761 1543 1820 persuasum

370 1843 479 1928 habet,
502 1843 629 1906 videtur
652 1843 751 1906 etiam
774 1843 899 1906 medela
921 1842 957 1906 in
979 1847 1133 1926 promptu
1155 1865 1234 1928 esse,
1254 1843 1309 1907 sed
1328 1846 1427 1908 verba
1446 1847 1543 1909 corri-

372 1971 447 2034 gere
471 1952 649 2032 cunotatur,
672 1953 838 2032 postremo
859 1949 1037 2013 consultius
1058 1949 1147 2014 ducit
1170 1949 1332 2014 inmutata
1354 1950 1545 2036 relinquere,

371 2078 448 2120 nam
468 2055 582 2120 timido
602 2057 704 2120 utitur
723 2055 850 2140 iudicio,
867 2079 939 2144 epm
954 2079 1030 2120 suae
1047 2057 1146 2120 solius
1162 2056 1401 2140 intellegentiae
1417 2057 1544 2122 diffisus

371 2162 496 2245 priores
529 2161 644 2225 melius
673 2162 877 2246 perspexisse
910 2185 992 2245 quae
1025 2163 1158 2227 simstro
1189 2185 1265 2226 casu
1290 2166 1392 2226 semet
1414 2163 1545 2248 fugiant

373 2269 563 2352 suspicetur.
603 2269 692 2351 atqui
728 2268 777 2332 illi
801 2263 935 2352 ¹quoque
974 2269 1114 2333 fortasse
1147 2268 1181 2332 in
1213 2267 1324 2332 eadem
1357 2270 1544 2336 condicione

372 2375 513 2440 fuerant:
541 2375 680 2458 posthac
708 2377 824 2459 autern,
849 2375 875 2438 si
905 2375 954 2438 dis
977 2375 1147 2460 placuerit,
1169 2375 1289 2439 iterum
1311 2375 1434 2440 videbit
1458 2378 1544 2460 quis-

372 2483 461 2566 piam
491 2483 609 2565 looum,
641 2482 725 2544 sicut
752 2481 786 2544 in
810 2480 1005 2545 editionibus
1028 2482 1165 2566 legatur,
1189 2482 1323 2546 tolerari
1346 2503 1412 2547 non
1433 2505 1544 2566 posse,

373 2589 547 2652 mirabitur
576 2588 733 2652 offensum
761 2609 831 2651 esse
855 2590 929 2651 ante
954 2610 988 2651 se
1011 2588 1173 2653 neminem
1197 2591 1293 2671 atque
1317 2588 1414 2652 etiam
1439 2588 1543 2652 crimi-

361 2695 505 2785 nabitur
527 2694 653 2778 priores
678 2693 843 2759 socordius
867 2695 1084 2779 praeteriisse,
1106 2695 1233 2759 nescius
1257 2695 1312 2760 ille
1332 2695 1469 2779 quidem,
1483 2696 1543 2759 hos

374 2823 499 2885 quoque
514 2801 653 2865 multum
667 2801 823 2884 temporis
835 2805 868 2865 et
878 2823 995 2884 operae
1005 2800 1040 2864 in
1049 2802 1158 2866 verbis
1169 2801 1284 2866 iisdem
1296 2804 1543 2885 consumpsisse.

373 2908 481 2991 itaque
506 2907 544 2971 de
567 2906 648 2971 locis
672 2907 858 2972 difficilibus
884 2911 940 2970 aut
958 2908 1122 2972 mendosis
1140 2930 1223 2991 quae
1243 2908 1403 2973 editorum
1417 2909 1543 2973 intento

374 3013 491 3097 studio,
514 3013 642 3078 etiamsi
665 3013 746 3096 ipsis
769 3035 836 3076 non
858 3014 989 3078 omnino
1010 3017 1098 3078 certa
1115 3013 1318 3099 videbantur,
1336 3018 1447 3079 tamen
1469 3019 1544 3099 apte

374 3120 560 3205 excogitata
596 3123 684 3205 sunt,
720 3133 879 3204 magnam
910 3123 1038 3205 partem
1069 3120 1165 3202 plane
1198 3121 1353 3207 perirent,
1385 3123 1449 3186 nisi
1480 3123 1544 3206 ipsi

375 3216 680 3293 commentariorum
707 3225 879 3311 defectum,
907 3227 962 3310 qui
991 3227 1088 3291 hodie
1112 3227 1195 3292 solet
1218 3249 1297 3312 csse,
1320 3228 1367 3292 ita
1396 3250 1543 3311 compen-

375 3356 447 3400 sare
480 3333 655 3419 studerent,
683 3336 720 3397 ut
747 3333 917 3398 occasione
941 3333 1074 3398 datam
1098 3334 1227 3418 scriptis
1251 3333 1469 3419 singularibus
1494 3337 1543 3398 vel

374 3441 409 3505 in
431 3441 513 3506 actis
537 3440 704 3506 litterariis
729 3443 955 3523 expromerent
976 3462 1057 3524 quae
1077 3440 1117 3505 ad
1138 3441 1306 3524 scriptoris
1327 3442 1426 3506 verba
1440 3463 1543 3508 emen-

374 3547 480 3611 danda
504 3550 560 3612 aut
582 3551 668 3612 recte
693 3546 936 3630 interpretanda
959 3547 1054 3610 utilia
1078 3548 1340 3612 observaverunt.

462 3653 532 3718 Has
565 3674 625 3738 ego
659 3653 700 3718 ob
732 3676 846 3718 causas
880 3675 969 3738 quae,
998 3653 1074 3717 dum
1096 3653 1195 3719 Plinii
1219 3654 1370 3719 editionis
1394 3656 1543 3720 volumen

345 3807 350 3816 .
375 3762 512 3825 alterum
543 3761 733 3844 tractabam,
756 3760 791 3824 in
818 3761 1011 3825 adversariis
1035 3761 1116 3826 meis
1140 3760 1302 3846 adnotavi,
1325 3783 1436 3826 eorum
1459 3766 1543 3826 certe

374 3869 501 3952 partem
540 3867 683 3951 aliquam
722 3867 841 3932 litteris
879 3867 1068 3953 consignare
1103 3870 1136 3932 et
1165 3867 1199 3932 in
1228 3867 1369 3933 medium
1401 3857 1542 3952 proferre

375 3974 542 4056 constitui3
560 3996 636 4038 nam
655 3974 763 4039 omnia
777 3976 813 4038 ut
827 3974 888 4039 hac
907 3974 1179 4039 commentatione
1194 3971 1397 4059 complectar,
1412 3963 1544 4059 propter

375 4080 569 4147 brevitatem
602 4081 700 4164 spatii
733 4080 813 4144 mihi
845 4101 1031 4146 concessam
1063 4081 1133 4145 fieri
1170 4082 1290 4165 nequit.
1323 4083 1427 4146 multo
1460 4083 1542 4146 enim

375 4186 511 4251 uberior·
537 4209 633 4270 quam
664 4189 856 4269 putaveram
886 4186 966 4250 mihi
999 4186 1157 4252 succrevit
1190 4188 1419 4253 adnotatorum
1443 4190 1543 4274 copia,

375 4295 408 4358 et
432 4293 460 4357 si
482 4315 537 4357 eos
562 4315 687 4377 quoque
710 4293 810 4376 locos,
832 4314 912 4378 quos
937 4294 978 4357 ob
998 4293 1105 4359 varias
1125 4294 1332 4361 difficultates
1351 4294 1543 4380 depravatos

376 4421 445 4464 esse
471 4399 624 4483 suspicor,
648 4398 704 4464 sed
726 4399 870 4464 nondum
894 4399 960 4466 scio
984 4399 1148 4484 probabili
1172 4422 1287 4467 sanare
1311 4401 1543 4488 emendatione,
