3212 5088
621 341 776 440 ..11-

109 531 156 594 20
181 531 320 597 arboren
342 534 446 597 surdis
467 534 577 598 totitas
599 539 632 598 ct
653 537 717 616 qui
738 557 801 600 non
823 536 1031 601 enuntiantrn
1053 538 1150 616 canti,
1173 536 1216 602 ib.
1240 539 1283 604 26

107 635 207 702 herba
229 644 258 702 et
278 638 351 703 naec
369 630 457 726 (est),
475 644 580 720 sponte
601 660 729 706 nascens
747 648 779 706 ct
796 663 886 724 quac
903 664 966 708 non
984 649 1075 726 queat
1091 646 1160 722 seri,
1178 644 1222 708 ib.
1241 643 1283 708 58

106 743 223 822 facilia
255 745 398 828 concoqui
429 764 482 810 nco
509 753 675 811 oneratura
711 769 833 813 sensnrn
869 750 933 814 cibo
966 755 999 814 ct
1034 771 1127 831 qnae
1158 751 1285 814 rntnirne

107 851 307 914 accenderent
339 851 531 937 desiderircu,
558 851 637 916 XXI
663 854 706 918 43
733 855 875 919 saliunca
900 856 976 936 sotio
1003 857 1124 936 quaen
1146 855 1286 921 subbrevi

108 961 145 1019 ct
172 957 267 1037 quod
287 959 365 1021 necti
391 979 453 1022 non
474 962 587 1044 possit,
616 959 710 1024 XXII
739 961 780 1024 27
809 957 980 1047 (Thraces)
1002 981 1119 1042 ponent
1139 962 1284 1042 facientes

102 1063 304 1142 praedulcem
327 1067 445 1146 etqui
466 1065 628 1130 contrahat
651 1072 792 1145 uentrem,
810 1065 921 1130 XXIII
944 1069 988 1132 30
1011 1060 1175 1132 1111111111
1193 1069 1283 1149 infir-

109 1171 197 1234 nn'us
223 1170 337 1249 albuin,
365 1172 531 1237 iucundius
551 1176 642 1256 possi
669 1179 805 1238 nrrcsturn
834 1179 866 1238 et
886 1176 982 1256 qnod
1002 1176 1151 1238 rninoreno
1174 1175 1285 1255 capitis

109 1277 247 1341 ‹totorcrn
273 1277 408 1357 adferat,
435 1278 544 1343 XXIV
575 1281 595 1343 2
622 1282 698 1362 quoin
725 1286 754 1344 et
784 1301 919 1345 annosas
950 1281 1016 1343 iarn
1043 1286 1076 1344 ct
1096 1301 1188 1361 quae
1210 1284 1285 1344 ster·

109 1387 232 1446 ocantur
257 1383 381 1449 arbores
408 1385 569 1466 difficilius
596 1388 681 1450 caedi
697 1389 842 1472 tradunt,
870 1384 995 1449 XXVII
1027 1385 1066 1448 81
1089 1386 1241 1467 9111111311
1256 1434 1284 1448 ..

110 1491 231 1554 cautern
265 1495 293 1554 ct
322 1490 402 1570 sotio
433 1490 521 1555 habet
552 1495 669 1557 nrticac
697 1494 810 1558 1111111
836 1497 868 1556 ct
895 1512 988 1575 quoae
1011 1512 1137 1572 yraocrn
1164 1493 1285 1556 odorern

111 1597 189 1658 tritu
212 1597 350 1672 reddant,
373 1596 430 1661 ubi
453 1597 540 1661 haud
564 1599 632 1662 scio
653 1621 695 1663 an
712 1601 765 1664 sect
781 1598 986 1663 inserendum
1006 1597 1050 1660 sic
1069 1600 1143 1662 ante
1163 1596 1285 1662 teutona.

109 1702 147 1764 in
171 1701 222 1766 his
245 1702 326 1767 locis
348 1703 389 1766 14
407 1707 436 1766 et
452 1703 614 1786 particula
634 1705 775 1770 conectit
794 1703 997 1770 enuntiatum
1015 1703 1189 1770 relativum
1212 1726 1285 1768 cum

111 1807 287 1892 udioe'nivo,
319 1807 354 1872 in
385 1831 450 1874 uno
482 1810 627 1893 positum
658 1816 708 1876 est
738 1833 808 1876 nec:
840 1809 953 1874 XVIII
984 1809 1026 1875 85
1055 1811 1149 1874 uictu
1171 1812 1285 1874 sernine

110 1916 236 2002 1111113
271 1914 392 1978 nutturn
424 1920 468 1978 cst
502 1937 565 1980 nec
597 1920 693 2000 qrioct
714 1919 790 1999 ntus
822 1919 962 1982 attinenti
994 1915 1109 1993 tranat,
1141 1916 1284 2001 Itemque

111 2019 236 2083 dictum
264 2021 314 2084 est
340 2043 399 2104 per
421 2021 617 2104 particulam
644 2027 701 2086 aut
726 2024 769 2088 ib.
798 2024 841 2086 54
867 2023 920 2087 sect
945 2022 1066 2086 nrttlanr
1082 2024 1285 2104 ponderosius

109 2127 304 2206 frnrncntunc
331 2132 375 2190 cst
396 2134 463 2192 ant
483 2132 580 2212 qnod
602 2130 750 2212 coqrccricto
774 2130 873 2210 neonis
900 2133 1021 2192 crescat.
1044 2132 1213 2211 praeterea
1234 2129 1287 2194 sect

112 2216 221 2298 exstat
244 2233 309 2296 bis:
332 2231 426 2296 XXII
446 2237 487 2299 88
507 2233 652 2322 (soncos)
671 2236 757 2300 cuuto
774 2236 909 2311 cubitali,
928 2235 1083 2316 anoutoso,
1101 2235 1186 2298 intus
1204 2256 1284 2318 caco,

111 2341 176 2404 sect
192 2341 256 2420 orit
271 2339 391 2420 fractus
408 2344 525 2423 copioso
545 2344 620 2407 tacto
638 2347 749 2420 nanet,
768 2340 846 2405 XIV
872 2342 913 2404 74
939 2360 993 2403 nec
1017 2340 1156 2403 Tinnetiti
1172 2361 1232 2421 per
1254 2361 1285 2404 se

108 2447 217 2528 oratio
238 2451 275 2509 ut
295 2448 374 2525 nino,
397 2450 459 2512 sect
479 2449 588 2514 coticis
606 2451 688 2514 ctutci
709 2451 846 2514 auncinto
868 2448 1056 2528 reliquorum
1074 2447 1192 2510 ctrirttc'a
1210 2466 1282 2510 sua·

111 2554 237 2616 nitatenc
268 2554 414 2635 occinunt·
445 2578 523 2620 nam
552 2556 649 2622 alieni
677 2557 805 2642 generis
835 2554 963 2619 videtur
991 2574 1061 2616 esse
1084 2551 1283 2617 XVHI'323

112 2679 209 2740 necque
230 2663 274 2722 cst
293 2659 418 2739 facilior
441 2661 606 2727 obseruatio
630 2713 637 2726 .
661 2714 667 2726 .
700 2665 761 2727 scd
782 2662 877 2745 quod
898 2648 1079 2740 c'ntettcyerc'
1098 2659 1144 2722 net
1176 2661 1285 2724 rustici

107 2767 232 2846 possint
263 2787 287 2829 e.
311 2788 341 2850 q.
365 2789 389 2830 o.
452 2770 632 2851 particulae
667 2775 768 2833 tannen
804 2767 909 2831 habeo
948 2764 1096 2847 exempla
1132 2769 1285 2848 quattuor

77 2861 209 2936 ”baeu
236 2869 346 2934 XXIII
376 2873 439 2936 132
466 2877 531 2938 suci
551 2876 638 2957 ptus,
667 2877 729 2957 qui
759 2880 880 2938 tannen
902 2873 987 2936 sitini
1008 2873 1152 2954 stimulet,
1175 2871 1284 2936 XXIV

115 2979 178 3043 151
210 2981 302 3043 aris.
328 3029 334 3042 .
365 2979 479 3044 sinitis
510 3001 574 3058 aro,
606 2983 708 3044 rnoior
736 2984 857 3043 tanturn
884 2977 1112 3058 minoribusque
1139 2977 1226 3057 fotiis
1259 2983 1288 3042 et

112 3086 218 3166 utique
248 3086 364 3162 radice,
396 3107 487 3168 quae
521 3091 640 3164 tarncn
671 3087 767 3150 ottone
795 3085 926 3172 crunctis
959 3083 1205 3164 nunnitudincnr
1236 3085 1285 3148 in-

107 3192 204 3271 pleat,
231 3189 373 3256 XXVIII
400 3192 466 3255 260
492 3193 604 3273 sriooto
631 3195 753 3276 qrtictcrn
781 3193 853 3274 ioco,
880 3191 939 3254 cui
962 3195 1082 3256 turncn
1105 3191 1212 3272 atiquo
1234 3192 1283 3256 cte-

114 3297 184 3361 beat
208 3299 324 3362 subesse
351 3319 444 3361 caiccsu
472 3300 506 3361 r'n
537 3305 624 3363 tanta
645 3298 859 3380 persuasione,
886 3294 1009 3358 XXXV
1038 3297 1080 3359 60
1103 3295 1286 3376 Aonopton

115 3399 162 3487 (et
189 3405 330 3488 pictores
359 3402 574 3490 alii)‚'ornncs
601 3407 666 3468 iarn
689 3405 840 3480 intnstres,
863 3423 926 3466 111
949 3406 1069 3465 tannen
1092 3403 1131 3464 tn
1153 3403 1286 3482 quibus

115 3510 238 3575 haerere
260 3512 406 3592 expositio
429 3511 532 3576 debeat
551 3513 705 3591 testinans
728 3513 770 3575 oct
792 3510 913 3574 tuncino
936 3509 1023 3571 artis.
1044 3531 1081 3571 ex
1100 3507 1162 3572 hac
1181 3531 1285 3572 exom-

39 3681 47 3708 1,
115 3619 245 3700 plorum
269 3618 363 3700 copia
386 3617 601 3702 consequitur,
625 3620 661 3681 ut
683 3616 792 3680 XXIV
818 3617 881 3681 142
905 3619 1035 3700 praeter
1055 3615 1284 3680 necessitatem

115 3723 322 3789 Detlefsenus
347 3724 520 3788 coniecerit
537 3731 581 3808 nt,
600 3748 673 3790 cum
692 3723 780 3788 omni
800 3720 977 3786 offensione
997 3725 1106 3786 careat
1123 3721 1286 3805 particule

116 3836 144 3893 ct
165 3831 201 3896 in
222 3830 288 3895 his:
307 3851 378 3894 aros
396 3831 530 3894 ractcen
545 3880 551 3892 .
567 3882 573 3894 .
592 3830 681 3894 nabet
698 3831 850 3911 rnnttoqne
868 3828 1017 3892 rnaicrenr
1035 3833 1068 3890 ct
1085 3849 1155 3909 qua
1173 3848 1286 3893 uanus

116 3938 278 4020 inpleatur,
302 3959 438 4020 cumque
461 3936 659 4001 coniunctivi
683 3939 772 3999 certa
795 3935 839 3998 sit
858 3934 943 3998 ratio
963 3955 1104 4018 ususque
1124 3937 1287 4018 constans,

116 4043 194 4108 ferri
220 4065 287 4108 non
314 4043 436 4126 poterit
462 4043 597 4128 vulgata
624 4043 722 4107 lectio
751 4047 945 4126 separantur,
973 4061 1071 4124 quam
1093 4043 1287 4104 revocarunt

116 4147 214 4214 Ianus
239 4152 271 4213 et
292 4147 499 4214 Detlefsenus
522 4171 582 4233 pro
606 4154 800 4231 spernantur,
824 4148 908 4232 quod
932 4169 970 4210 ex
993 4143 1037 4209 D2
1056 4143 1201 4230 Silligius
1222 4145 1286 4209 edi-

118 4253 208 4320 derat
235 4251 312 4318 XIX
346 4257 407 4320 111
442 4253 571 4341 (alium)
603 4255 790 4320 tenuisstrnis
822 4259 854 4319 et
880 4275 971 4336 qrcae
997 4257 1224 4336 spernantur
1251 4253 1286 4316 in

117 4364 293 4428 conuersuri
316 4363 434 4428 notatur
456 4361 650 4445 nrcrnbranis,
674 4361 729 4425 sed
753 4359 907 4447 quoniam
936 4356 1108 4446 separandi
1129 4357 1220 4426 notio
1244 4357 1285 4425 ob
