3212 5088
651 379 699 476 11

600 471 759 478 mm—

84 573 198 636 matur
220 572 360 637 aliorum
383 571 529 637 codicum
552 595 650 638 manu
672 574 793 658 priore,
822 574 911 638 cuius
935 574 1155 640 consensionis
1178 575 1262 639 ratio

84 677 259 742 occasione
283 678 359 744 data
378 678 463 743 infra
486 679 606 761 partim
626 678 831 745 indicabitur.

178 785 247 849 Iam
281 787 322 849 ex'
355 786 407 849 his
435 786 577 850 numeris
607 785 683 869 quid
715 787 967 851 concludendum
1001 789 1073 852 est?
1122 788 1263 871 primum

84 892 194 958 elucet
220 892 517 957 multitudinem
546 893 691 958 locorum
722 896 940 959 correctorum
963 894 1059 980 longe
1089 895 1264 959 maximam

82 1021 159 1062 esse
181 998 217 1062 in
238 998 278 1083 F,
301 1001 468 1084 aequalem
486 999 553 1064 fere
575 1021 744 1064 numerum
767 1000 804 1063 in
826 1023 845 1064 a
869 999 959 1085 etD,
982 1000 1080 1084 paulo
1104 999 1263 1065 minorem

84 1106 123 1168 in
147 1103 191 1189 Rq
213 1106 249 1169 in
271 1127 464 1190 unoquoque
488 1105 596 1172 codice
620 1107 857 1172 correctionum
881 1105 961 1170 duas
984 1106 1051 1171 fere
1074 1111 1183 1190 partes
1206 1107 1263 1170 flu-

85 1212 176 1276 xisse
199 1234 239 1276 ex
262 1212 369 1296 aliquo
394 1213 583 1298 archetypo,
614 1213 691 1297 quia
714 1213 853 1276 aliorum
881 1212 1026 1278 codicum
1050 1217 1107 1278 aut
1130 1213 1263 1278 alterius

85 1323 147 1382 aut
178 1318 297 1401 prioris
329 1342 443 1386 manus
476 1320 615 1386 adsensu
647 1319 896 1403 confirmantur,
932 1309 970 1384 de
1006 1321 1122 1384 tertiae
1155 1323 1263 1384 autem

85 1423 194 1508 partis
209 1424 321 1489 multis
337 1425 459 1510 ambigi
472 1446 581 1509 posse3
605 1425 739 1508 denique
754 1447 826 1489 cum
840 1424 925 1490 inter
940 1449 1051 1491 omnes
1076 1426 1263 1509 saepissime

86 1528 127 1594 a2
156 1533 188 1594 11
213 1527 258 1594 Fr
287 1529 370 1595 inter
403 1553 437 1595 se
466 1532 684 1616 consentiant,
716 1530 777 1596 hos
810 1531 975 1596 artissimo
1007 1532 1276 1617 propinquitatis

85 1637 219 1702 vinculo
243 1623 411 1702 contineri.

178 1743 230 1808 Ex
252 1743 314 1809 hoc
336 1743 600 1828 frequentissimo
624 1765 736 1809 eorum
750 1767 909 1810 consensu
932 1746 971 1809 de
995 1747 1150 1832 origine
1175 1743 1212 1811 12
1231 1749 1264 1810 11

85 1847 133 1914 F²
156 1849 251 1916 facile
281 1851 469 1934 conieceris,
497 1852 634 1916 alteram
662 1873 793 1915 manum
827 1852 868 1916 ab
897 1851 1000 1916 altera
1022 1852 1175 1935 pendere,
1208 1852 1263 1916 sed

84 1957 165 2020 huic
188 1957 333 2040 opinioni
356 1958 489 2021 obstent
511 1957 545 2021 in
568 1957 683 2040 primis
707 1957 841 2022 lacunae
865 1958 1039 2041 ampliores
1064 1961 1097 2023 in
1126 1959 1196 2023 solo
1219 1955 1275 2022 Fl'

85 2062 221 2127 V1155
248 2066 281 2128 et
308 2065 386 2148 204,
422 2063 456 2127 in
485 2064 555 2130 solo
583 2062 620 2128 a²
643 2064 708 2130 VII
734 2066 796 2128 123
829 2069 861 2128 et
892 2064 924 2129 X
950 2066 1011 2130 180
1045 2064 1116 2152 (ubi
1143 2064 1264 2148 partim

86 2169 241 2253 congruit
271 2167 332 2256 R2)
365 2172 524 2255 expletae,
554 2171 735 2254 exquibus
763 2169 946 2234 necessario
970 2172 1196 2254 consequitur,
1229 2174 1265 2235 ut

85 2275 258 2340 librarium
286 2279 457 2362 utrumque
482 2277 650 2361 archetypi
677 2276 813 2341 alicuius
842 2275 986 2339 subsidio
1014 2277 1049 2339 in
1072 2276 1263 2361 eorrIgendo

86 2403 185 2444 usum
222 2403 291 2447 esse
337 2383 544 2468 cogitandum
587 2382 638 2446 111.
698 2381 865 2464 utriusque
908 2385 1016 2446 autem
1052 2380 1292 2466 archetypum¹

86 2509 230 2551 unumne
253 2488 355 2552 fuisse
374 2487 572 2572 eamdemque
596 2488 762 2553 credamus
786 2510 828 2552 an
845 2488 934 2552 non?
957 2483 1164 2554 Detlefsenus
1188 2511 1264 2552 eun·

87 2593 164 2656 dem
186 2592 287 2658 fuisse
312 2594 375 2678 ait,
398 2594 478 2658 mihi
501 2594 596 2660 binos
619 2595 720 2659 fuisse
743 2616 809 2660 non
831 2595 1019 2660 incredibile
1042 2595 1177 2660 videtur.
1225 2617 1265 2659 ex

86 2699 156 2763 illis
185 2701 313 2783 quidem
345 2701 469 2765 lacunis
502 2700 539 2766 de
572 2687 634 2766 hac
661 2724 695 2765 re
722 2701 805 2765 nihil
833 2705 920 2766 certo
954 2702 1101 2767 concludi
1133 2701 1265 2786 poterit,

89 2806 244 2891 quoniam
266 2807 473 2872 tribuendum
498 2809 620 2893 aliquid
643 2813 693 2874 est
714 2809 923 2874 librariorum
945 2809 980 2873 in
994 2809 1131 2874 molesto
1156 2807 1264 2872 officio

87 2913 329 3000 neglegentiae,
358 2935 420 2997 qua
443 2915 514 2979 fleri
540 2915 636 2981 facile
658 2919 801 3001 poterat,
828 2921 865 2980 ut
887 2917 1037 2981 lacunam
1065 2914 1265 2980 animadver·
1324 2932 1325 2935 ’

87 3023 175 3085 teret
192 3021 287 3105 alter,
315 3040 396 3103 quae
420 3021 558 3086 alterum
582 3022 693 3087 eadem
715 3024 816 3088 verba
839 3025 958 3088 cursim
985 3023 1145 3108 legentem
1173 3043 1265 3104 prae-

87 3127 232 3192 terierat.
261 3127 317 3191 sed
339 3127 446 3211 magis
468 3129 675 3212 perspicuum
698 3133 748 3192 111
771 3133 804 3194 11
827 3131 972 3215 gravius,
995 3129 1081 3213 quod
1094 3127 1176 3193 VIII
1191 3129 1265 3212 200,

88 3233 146 3299 ubi
169 3234 204 3297 in
227 3233 389 3298 communi
413 3235 557 3300 omnium
581 3234 727 3301 codicum
755 3235 930 3320 archetypo
957 3239 1092 3319 propter
1115 3233 1265 3298 similitu-

88 3341 198 3404 dinem
226 3340 458 3405 vocabulorum
485 3342 602 3406 utililer
629 3346 662 3406 11
687 3343 773 3406 ultro
803 3342 902 3408 verba
924 3341 1094 3405 interiecta
1118 3345 1266 3423 ponerent

88 3453 118 3513 et
142 3449 178 3511 in
198 3452 316 3512 senecta
338 3468 392 3513 nco
415 3447 537 3512 omissa
560 3451 664 3533 erant,
687 3446 731 3512 F²
752 3447 832 3513 haee
846 3447 946 3512 verba
969 3447 1078 3513 omnia
1101 3449 1187 3511 recte
1211 3447 1264 3511 ad-

88 3552 185 3637 didit,
218 3553 255 3618 a²
287 3553 399 3618 eadem
427 3552 546 3618 addens
573 3556 684 3618 tamen
711 3554 823 3619 omisit
848 3553 1042 3636 particulam
1069 3575 1134 3643 uec,
1168 3575 1265 3638 quam

88 3660 198 3726 animo
223 3659 264 3724 ad
289 3661 440 3725 lacunam
463 3658 654 3743 explendam
679 3663 819 3744 attento,
846 3661 873 3724 si
896 3660 1074 3725 invenisset
1096 3659 1131 3724 in
1155 3659 1263 3724 arche·

87 3772 168 3852 typo
188 3788 264 3852 suc,
288 3769 373 3831 certe
398 3765 588 3851 addidisset,
613 3766 688 3851 quia
711 3766 784 3835 inde
807 3769 927 3851 pendet
942 3766 1120 3832 sententiae
1143 3765 1264 3830 veritas

87 3869 161 3958 (cfr.
185 3871 308 3939 Colum.
331 3873 397 3938 VII
411 3874 445 3957 6,
469 3870 513 3959 3).
551 3873 698 3957 idemque
722 3873 887 3938 declarant
910 3875 973 3940 loci
997 3874 1066 3958 alii,
1089 3873 1123 3937 in
1147 3872 1263 3956 quibus

58 3969 62 3976 ¹
87 3981 325 4046 correctionum
353 4003 392 4044 ea
419 3982 470 4044 cst
496 3980 684 4063 diversitas,
716 3983 842 4044 utnon
869 3980 940 4044 sola
966 3978 1174 4045 librariorum
1198 3979 1265 4043 sive

86 4086 295 4171 neglegentia
319 4085 386 4150 sive
409 4086 541 4151 licentia
565 4085 646 4149 satis
661 4084 827 4170 explicari,
852 4086 908 4150 sed
931 4107 970 4149 ex
992 4085 1140 4169 ipsorum
1155 4083 1265 4149 arche-

86 4199 242 4279 typorum
269 4192 456 4258 diversitate
480 4197 554 4258 orta
576 4215 646 4257 esse
670 4191 827 4258 videatur.
878 4215 1014 4278 quorum
1037 4191 1169 4256 brevem
1191 4212 1265 4274 pro

86 4323 175 4387 pono
200 4303 408 4384 conspectum
430 4299 530 4384 hune,
552 4300 587 4365 in
610 4319 672 4384 quo
696 4299 736 4364 iis
759 4299 967 4383 lectionibus,
998 4319 1080 4382 quae
1108 4296 1207 4361 etiam
1230 4298 1265 4362 in

87 4407 119 4474 R
140 4408 305 4495 leguntur,
327 4407 390 4475 hoc
414 4407 544 4493 signum
567 4406 693 4474 uncinis
716 4405 877 4474 inclusum
900 4403 1071 4491 adscripsi:
1113 4465 1115 4472 ,
