3212 5088
506 547 620 617 stl÷a2
898 542 1029 614 R¹†R²

339 657 389 710 Vll
416 655 635 724 remoramque
645 653 765 708 adnonin
805 655 936 721 ostesqua
954 649 1099 707 adnexio
1175 649 1334 718 mortesque
1353 647 1466 702 adnexi

538 768 554 796 ‚,
644 723 788 779 aduenio
803 726 962 792 mortesque
976 721 1092 777 acnoxio

402 823 451 870 121
463 816 577 870 curante
805 814 953 868 excurrant
1180 827 1322 864 excussa
1340 810 1384 874 (in
1402 814 1483 876 ras.)

806 883 1002 952 exquirenti²²l

403 981 453 1032 189
463 976 519 1030 stat
533 975 765 1032 eleniment'orum
807 975 851 1028 sta
865 971 1115 1027 delenimentorum
1178 969 1222 1022 sta
1233 967 1498 1022 delenimentorum
1599 991 1600 1008 κ

803 1043 873 1098 ista
892 1043 1159 1098 deliramentorum
1172 1039 1247 1094 'ista
1336 1080 1353 1106 „

325 1135 390 1190 Vlll
418 1142 451 1190 47
462 1133 555 1190 deficit
805 1131 900 1188 deficit
1179 1127 1265 1183 efficit

465 1206 568 1261 detecti
807 1203 889 1259 defici
1180 1198 1283 1254 defecti

420 1296 612 1350 sementum
804 1293 901 1347 mentu
1178 1290 1304 1344 mentum

464 1367 575 1421 mentor
806 1365 954 1418 mentum

368 1455 393 1510 X
440 1453 590 1525 lpraemia
808 1451 933 1523 praemia
1179 1448 1305 1519 praemia

807 1522 958 1594 piraeeipua
1180 1521 1299 1588 (delenit)

438 1611 554 1670 4oassia
807 1630 887 1694 cossa
1181 1608 1272 1690 cassia

808 1701 883 1738 casia
1181 1696 1286 1735 oass1ae

443 1775 600 1844 „pacatum
807 1773 938 1844 pacatam
956 1773 999 1838 (in
1017 1775 1086 1840 raa)
1180 1769 1308 1840 paceium

464 1844 613 1915 Pfflssalffln
775 1913 778 1920 ,
1180 1839 1346 1910 panchaiam

317 1933 320 1938 ’
424 1941 458 1988 24
467 1932 640 2004 praedantur
720 1999 722 2002 Ι
808 1931 979 2002 praedantur
1181 1929 1353 2000 prenduntur

466 2003 641 2074 prenduntur
807 2002 977 2074 praedantur

425 2101 458 2147 32
468 2093 618 2163 agrescunt
715 2095 720 2102 '
809 2093 957 2174 agrescunt
1183 2089 1347 2160 aegrescunt

468 2165 633 2234 aegrescunt
807 2164 970 2232 nigrescunt

424 2257 458 2308 35
467 2252 620 2324 plurimum
808 2253 858 2323 plu
1172 2249 1283 2320 'plurim

808 2322 933 2394 plurium
1177 2319 1333 2392 ,plurimum

408 2420 458 2468 118
468 2432 537 2468 curu
811 2430 879 2468 curu
1183 2417 1264 2466 eorm

469 2501 537 2538 cura
810 2502 906 2538 curam
1184 2500 1250 2537 cura

421 2615 437 2642 „
469 2572 559 2626 hilare
578 2572 606 2626 si
811 2572 909 2627 hilaris
1182 2571 1266 2626 hilari
1284 2571 1308 2624 si

470 2643 592 2698 hilarare
607 2642 631 2697 si
811 2643 914 2698 hilares
1184 2641 1299 2698 hilarari
1318 2641 1342 2694 si

409 2738 461 2786 124
471 2732 602 2786 contextu
812 2734 929 2786 contexa
1184 2732 1315 2787 contextu

811 2805 973 2858 contextum
1184 2804 1314 2858 contexta
1332 2800 1378 2870 (D)

410 2897 460 2945 158
469 2873 562 2946 turtur
810 2893 903 2946 turtur
1183 2892 1277 2945 turtur

811 2965 933 3017 turtures
1182 2961 1286 3016 turturi

333 3089 481 3172 idemque
509 3073 610 3153 etiam
637 3090 743 3174 magis
772 3090 876 3154 elucet
903 3113 941 3154 ex
968 3090 1094 3154 lacunis
1121 3089 1173 3153 his
1197 3089 1261 3154 VII
1290 3091 1362 3174 123,
1384 3089 1441 3154 nbi
1470 3089 1504 3156 a2

303 3239 306 3247 ,
334 3219 372 3260 cx
394 3194 438 3260 X¹
463 3196 627 3281 supplevit
647 3197 1077 3278 yronnnticn'Apotlodcrns
1094 3198 1144 3262 cni
1158 3196 1395 3278 Amphictyones
1405 3195 1501 3260 Grac-

333 3304 398 3367 cine
423 3303 567 3368 tinctorem
593 3303 731 3385 tubane,
758 3301 801 3366 R2
825 3307 932 3368 autem
964 3307 1091 3368 tantum
1110 3304 1316 3386 prominnticn
1341 3303 1501 3384 Apollodo-

334 3410 427 3473 ctorns
450 3410 484 3472 in
507 3409 654 3494 margine
679 3409 811 3493 addidit,
831 3410 952 3474 omisso
977 3409 1145 3474 enuntiato
1164 3409 1311 3490 relativo,
1330 3409 1415 3494 quod
1434 3410 1500 3476 sine

334 3589 547 3598 ——-.——..-.

409 3673 442 3741 ²²)
463 3672 509 3728 Sic
527 3673 631 3744 legitur
647 3673 678 3729 in
696 3674 756 3730 Iani
775 3675 933 3744 collatione,
947 3693 1002 3729 non
1021 3676 1150 3745 qnirenti,
1165 3677 1197 3730 ut
1212 3675 1337 3746 Silligius
1352 3676 1424 3730 falso
1437 3693 1497 3731 eno-

335 3760 414 3815 tavit.
439 3762 494 3816 hoc
516 3763 611 3817 autern
636 3763 699 3818 loco
722 3763 870 3818 manifesta
893 3766 958 3818 sunt
979 3765 1050 3819 hacc
1073 3765 1140 3819 duo:
1165 3764 1286 3834 primum
1309 3782 1398 3834 neque
1421 3765 1455 3819 F²
1471 3765 1498 3818 in

336 3867 385 3903 suo
405 3850 556 3921 archetypo
574 3850 713 3906 invenisse
737 3855 891 3922 acquirenti
910 3871 1000 3923 neque
1017 3854 1056 3906 Rc
1074 3870 1199 3929 oaeneon,
1217 3853 1317 3908 deinde
1339 3855 1497 3908 alterutrum

336 3938 370 3992 de
394 3937 594 3995 coniectura
615 3941 739 4010 positum
764 3958 832 3997 esse.
857 3942 977 3997 editores
997 3959 1093 3997 omnes
1111 3944 1277 4012 receperunt
1295 3959 1415 4022 menaea,
1429 3943 1498 4010 qnod

336 4028 547 4082 commendatur
564 4029 671 4085 Valerii
689 4031 762 4086 Max.
781 4031 807 4086 V
827 4037 850 4099 7,
870 4039 894 4100 4,
915 4031 964 4086 sed
982 4033 1138 4100 exquirente
1152 4048 1241 4100 neque
1256 4030 1407 4101 quicquam
1419 4031 1498 4085 habet

336 4116 496 4172 offensionis
519 4135 608 4186 neque
630 4119 723 4185 minus
746 4120 958 4174 commendatur
981 4119 1071 4174 Solini
1086 4126 1113 4189 ·1,
1135 4127 1186 4174 124
1204 4121 1378 4188 enqnisitn
1396 4121 1498 4188 saepius

336 4227 354 4262 a
378 4209 553 4276 ianitoribus,
580 4226 698 4277 cumque
723 4225 774 4264 nec
799 4195 937 4280 repugnet
960 4208 1089 4264 Pliniano
1116 4208 1227 4264 dicendi
1250 4208 1315 4263 usui
1341 4208 1496 4278 (XXXIlll

336 4298 457 4352 tellinein
475 4299 551 4351 intns
569 4299 725 4368 enqnirente
743 4301 821 4368 enin)
841 4301 871 4352 et
887 4298 997 4367 peccati
1015 4297 1093 4368 origo
1108 4298 1161 4352 hac
1176 4296 1347 4366 correctione
1361 4296 1498 4367 aptissime

337 4386 498 4456 explicetur,
517 4403 573 4444 non
591 4388 672 4446 video
692 4388 826 4460 quoiure
845 4390 1000 4462 exquirente
1019 4387 1205 4462 spernendum
1224 4404 1284 4448 esse
1302 4389 1442 4461 putemus.
