3212 5088
848 351 1007 450 ,2⁰³3-

425 545 584 612 Graviore
609 546 724 611 mendo
748 545 931 612 deformata
955 551 1031 611 sunt
1053 568 1134 630 quae
1157 547 1194 611 do
1222 548 1423 631 quorundam
1448 554 1516 616 eni-

333 652 470 718 malium
505 654 663 739 sanguine
697 657 905 738 exponuntur
938 651 985 717 XI
1009 655 1074 718 222
1098 660 1256 720 taurorum
1279 656 1434 722 celerrime
1455 661 1517 722 cait

333 766 424 844 atqrcc
447 763 590 842 decrescit,
613 762 679 826 ideo
697 761 826 843 pestifer
843 766 920 844 patu
944 763 1107 826 maxime.
1130 783 1277 844 aprorum
1296 783 1336 826 ac
1354 783 1512 828 ceruorum

333 889 575 952 caprearumque
597 874 625 934 et
647 868 829 932 bubalorum
852 870 991 932 omuium
1014 889 1076 934 um
1098 871 1257 952 spissatur.
1280 869 1358 934 haec
1378 893 1416 935 ex
1436 871 1509 935 Ari·

334 977 452 1040 stotele
477 975 658 1060 desumpta,
681 975 738 1040 sed
761 975 808 1039 ita
831 974 948 1039 vitiata
972 978 1056 1060 sunt,
1080 978 1116 1040 ut
1135 975 1201 1039 eius
1223 976 1400 1039 sententiae
1414 977 1509 1059 plane

332 1082 552 1168 refragentur3
584 1083 640 1146 ille
671 1081 755 1145 enim
789 1078 820 1143 h.
845 1102 873 1143 a.
896 1079 945 1144 ΙΠ
975 1081 1048 1164 (ip.
1073 1081 1138 1146 515
1161 1081 1198 1167 B,
1221 1084 1264 1147 30
1288 1103 1332 1166 sq.
1356 1083 1508 1147 fibrarum

334 1188 498 1272 quoddam
530 1209 631 1274 genus
656 1187 734 1252 dicit
756 1187 790 1250 in
816 1187 972 1272 sanguiue
996 1187 1096 1272 gigni,
1120 1188 1235 1270 quibus
1259 1187 1414 1270 exemptis
1438 1211 1508 1252 san-

334 1295 467 1379 guinem
500 1295 595 1380 coire,
627 1315 694 1359 non
727 1293 885 1375 exemptis
918 1315 984 1357 non
1017 1293 1118 1356 coire:
1150 1296 1186 1359 ἐν
1215 1297 1271 1372 μὲν
1295 1295 1353 1359 οὖν
1375 1300 1420 1378 τῷ
1442 1299 1507 1357 τῶν

335 1403 495 1467 uicturam
519 1401 625 1480 αἵματι
649 1403 743 1484 Ζῲων
766 1400 890 1477 lusum,
914 1401 950 1464 ἐν
974 1401 1008 1466 δὲ
1032 1405 1078 1483 τῷ
1101 1405 1156 1479 τῆ(
1180 1401 1328 1482 ἐλάφου
1347 1403 1397 1466 καὶ
1416 1423 1506 1479 προ·
1589 1423 1594 1452 ⁴

334 1510 401 1574 ude
426 1511 477 1574 καὶ
504 1509 735 1588 βουβαλίδο(
759 1509 810 1570 καὶ
829 1505 938 1570 ἄλλων
958 1509 1054 1570 τινῶν
1078 1506 1135 1569 οὐκ
1159 1505 1271 1572 ἔυειειν
1294 1507 1367 1574 luet·
1387 1509 1434 1572 διὸ
1453 1509 1503 1572 καὶ

335 1617 378 1680 οὐ
402 1619 600 1696 πήγνυται
625 1615 752 1678 αὐτῶν
781 1615 823 1676 τὸ
847 1612 940 1692 αἷμα
964 1613 1081 1692 ὁμοίω(
1104 1619 1172 1678 soi(
1196 1614 1313 1698 ἄλλοις,
1337 1615 1508 1698 eademque

336 1723 455 1806 repetit
477 1721 521 1784 ib.
545 1743 570 1784 e.
597 1721 637 1784 19
660 1743 691 1803 p.
715 1721 781 1784 520
804 1718 841 1804 B,
865 1720 907 1784 23
932 1741 986 1804 sq.,
1009 1720 1065 1784 ubi
1090 1721 1180 1785 addit
1202 1721 1356 1800 τάχιετα
1379 1723 1416 1784 δὲ
1435 1724 1507 1800 πή-

336 1847 470 1906 γνυται
503 1828 547 1892 τὸ
570 1832 637 1890 τοῦ
660 1828 803 1905 ταύρου
828 1825 916 1904 αἷμα
940 1826 1105 1906 πάντων,
1130 1826 1265 1912 denique
1287 1830 1451 1892 taurorum
1475 1833 1510 1892 et

336 1955 489 2018 aprorum
509 1933 700 2016 sanguinem
719 1932 810 1995 fibris
832 1930 1004 1996 admodum
1026 1933 1136 1997 multis
1156 1934 1335 2018 crassisque
1356 1933 1508 1997 refertum

339 2062 410 2104 esse
434 2039 513 2104 dicit
535 2039 620 2103 idem
641 2039 679 2102 de
703 2042 785 2122 part.
806 2039 902 2102 anim.
925 2039 957 2102 lI
976 2041 998 2103 4
1015 2063 1046 2123 p.
1066 2040 1129 2106 651
1151 2040 1189 2125 A,
1207 2042 1240 2105 2:
1260 2044 1309 2106 διὸ
1329 2042 1359 2105 oi
1376 2046 1508 2120 ταῦροι

338 2149 389 2211 καὶ
419 2148 449 2212 οἱ
482 2148 619 2225 καπροὶ
652 2147 808 2226 θυμώδειε
839 2147 889 2210 καὶ
922 2147 1103 2212 ἐκετατικοί·
1136 2149 1174 2211 τὸ
1202 2148 1262 2226 γὰρ
1286 2147 1362 2227 αἱμα
1384 2149 1509 2212 τούτων

338 2254 562 2332 ἰνωδέετατον,
593 2256 644 2318 καὶ
673 2255 711 2318 τό
739 2275 776 2330 γε
806 2259 865 2318 τοῦ
893 2255 1012 2333 ταύρου
1040 2255 1169 2333 sapae
1192 2257 1346 2334 πήγνυται
1370 2254 1508 2320 πάντων.
1593 2311 1594 2334 2

337 2361 419 2426 unde
444 2364 581 2445 apparet
599 2360 787 2424 Aristotelis
813 2359 851 2423 de
871 2382 1023 2443 aprorum
1042 2361 1198 2445 sanguine
1217 2361 1407 2426 senientiam
1427 2361 1508 2424 mul·
1593 2341 1594 2362 i

337 2472 406 2531 tum
431 2466 560 2531 differre
584 2465 625 2528 ab
650 2487 697 2549 ea,
717 2487 798 2548 quae
820 2466 928 2532 verbis
942 2465 1099 2530 Pliniauis
1118 2466 1290 2531 indicatur:
1310 2466 1508 2531 simillimum

338 2595 410 2637 esse
443 2573 560 2638 statuit
591 2571 731 2654 taurino,
760 2571 1011 2636 dissimillimum
1040 2574 1168 2638 cervino
1193 2575 1351 2658 sanguini.
1375 2573 1507 2637 eandem

338 2682 446 2744 autem
477 2677 603 2743 Plinius
637 2698 762 2761 quoque
794 2678 913 2762 prodit,
946 2678 1118 2745 dummodo
1152 2679 1297 2744 codioum
1319 2679 1508 2744 memoriam
1592 2671 1593 2682 ’

336 2785 457 2850 rectius
486 2806 682 2848 censeamus
710 2806 786 2848 uam
814 2806 873 2867 pro
896 2785 1015 2850 vitioso
1046 2786 1103 2850 illo
1127 2807 1171 2870 ac,
1196 2785 1280 2869 quod
1304 2786 1344 2850 ab
1367 2786 1510 2869 interpo-

337 2893 441 2956 latore
466 2890 627 2976 quondam
653 2891 876 2955 infelicissime
896 2892 1117 2976 excogitatum
1134 2891 1267 2956 transiit
1284 2891 1318 2955 iu
1336 2889 1428 2956 D²Od
1446 2915 1507 2976 pro

337 3020 366 3082 a,
391 2997 476 3082 quod
498 2998 533 3061 in
556 2995 621 3061 D¹a
644 3001 702 3082 est,
725 2997 791 3061 MR
808 2998 931 3062 habent
949 3001 998 3076 ad,
1017 3002 1055 3062 ut
1075 3005 1109 3063 at
1127 2998 1302 3084 genuinum
1326 3019 1394 3062 esse
1413 2997 1507 3062 faeile

337 3104 460 3182 credas,
482 3126 542 3188 pro
566 3105 700 3170 maaimc
723 3104 757 3169 in
784 3103 813 3166 R
846 3108 896 3168 est
918 3125 1079 3189 mauicme,
1106 3105 1141 3168 in
1159 3104 1193 3167 M
1217 3108 1417 3169 evanuerunt
1439 3107 1506 3188 qui-

337 3211 409 3275 dem
432 3213 571 3296 liiierae,
595 3210 651 3274 sed
676 3211 783 3292 spatio
807 3212 935 3294 punctis
956 3235 975 3274 a
993 3209 1110 3276 Moneo
1130 3211 1272 3275 indicato
1292 3212 1442 3276 credibile
1460 3213 1507 3296 fit,
1590 3237 1591 3268 1

336 3318 389 3382 hic
413 3339 540 3402 quoque
557 3319 701 3400 proaime
724 3316 880 3401 scriptum
904 3316 1013 3380 fuisse.
1037 3320 1205 3400 praeterea
1228 3317 1329 3382 miror
1348 3318 1424 3402 quid
1443 3318 1506 3383 sibi

335 3426 415 3490 velit
438 3427 584 3509 orauium,
608 3423 867 3508 quandoquidem
890 3423 1084 3489 bubalorum
1103 3446 1221 3488 nomen
1237 3446 1303 3490 non
1322 3445 1432 3510 genus,
1451 3425 1506 3488 sed

335 3553 434 3595 unam
458 3532 598 3615 speeiem
622 3531 812 3595 animalium
835 3528 1013 3614 significem
1037 3532 1145 3615 itaque
1170 3553 1242 3595 oum
1260 3530 1290 3596 R
1307 3531 1427 3595 habeat
1444 3553 1506 3596 arrr-

335 3640 404 3702 m'm
428 3659 511 3720 auos,
529 3638 757 3721 proposuerim
777 3637 924 3721 equidem
942 3639 1088 3702 oucuiuo
1107 3659 1178 3722 uau,
1193 3638 1278 3721 quod
1297 3637 1418 3720 optime
1432 3661 1506 3722 quu-

336 3743 408 3808 drat
432 3744 472 3808 ud
496 3742 685 3810 durescendi
709 3745 853 3810 diversos
879 3744 999 3829 gradus
1022 3748 1118 3808 antea
1135 3742 1277 3809 notatos,
1309 3744 1390 3808 haeo
1409 3745 1506 3829 igitur

335 3850 475 3935 vestigia
499 3854 628 3915 secutus
651 3852 758 3917 looum
781 3852 843 3918 hoc
862 3849 958 3916 modo
977 3850 1213 3916 restituendum
1231 3854 1326 3934 puto:
1346 3853 1505 3916 tauromua

335 3958 487 4022 celerrime
517 3959 577 4022 coit
607 3964 697 4040 atquc
728 3961 859 4026 durescit
879 3997 923 4006 —
946 3960 1013 4023 idco
1039 3957 1169 4040 pestifer
1189 3964 1267 4040 potu
1287 3953 1346 4036 —‚‘
1354 3979 1506 4040 premiere

334 4085 490 4147 aprorum,
520 4070 555 4129 at
581 4085 736 4130 caporum
763 4085 1001 4148 caprearumque
1027 4070 1055 4128 ct
1086 4049 1265 4130 medulorum
1293 4066 1418 4130 omuiuo
1444 4088 1505 4132 uou

334 4174 494 4253 spissatur.

423 4276 461 4342 Iu
493 4279 641 4360 proxima
664 4281 683 4357 ξ
708 4279 773 4342 223
802 4300 874 4342 oum
901 4277 936 4342 M
969 4277 1172 4342 scribendum
1206 4299 1287 4342 esse:
1316 4277 1502 4362 malluvium

334 4384 399 4447 eires
422 4379 618 4469 (sanguinis)
641 4385 700 4448 riui
720 4385 758 4466 [it
779 4385 814 4446 iu
836 4384 986 4449 mambres
1007 4383 1137 4467 ltamiui,
1160 4383 1234 4448 aliis
1256 4403 1332 4446 uarc
1355 4384 1503 4451 alterutra
