3212 5088
876 309 918 372 II

818 399 897 408 ..--..
927 399 977 405 —-

312 506 507 571 sententiam
529 504 714 570 necessaria
737 507 797 588 est,
820 503 1045 589 corrigendum
1070 503 1133 569 erit
1154 499 1381 589 spurcarum)
1423 525 1482 566 ner·

313 613 419 678 minus
442 614 604 696 repugnat
625 610 792 696 legitimae
817 610 937 676 rationi
960 610 994 674 id
1013 611 1099 694 quod
1113 607 1318 676 Detlefsenus
1338 610 1483 675 codicem

312 719 506 804 rescriptum
529 715 797 783 Nonantulanum
821 714 880 804 (N)
909 721 1036 784 secutus
1062 716 1161 780 edidit
1182 713 1275 780 XXV
1298 716 1342 780 45
1365 717 1483 780 100001

311 831 339 890 cI
359 825 471 889 Teucer
494 825 598 890 eadem
620 829 717 889 cerm
733 825 890 910 Teucrion,
914 847 1008 908 quom
1025 825 1152 908 polidam
1169 823 1346 888 bemioocon
1365 829 1481 902 000001,

311 936 501 1016 sporpeotcm
524 931 630 995 100000
649 937 759 1014 Icarios,
776 931 855 1011 solio
868 951 978 1014 paroc,
997 931 1115 1014 asperis
1134 929 1206 994 locis
1224 935 1345 996 obstem
1364 951 1481 1014 sopore,

313 1059 482 1120 000000οι
503 1037 660 1118 florentem
678 1058 740 1102 000
757 1057 849 1120 quoe
866 1057 966 1102 00000
981 1039 1090 1121 919011.
1109 1039 1244 1103 medetur
1262 1037 1393 1102 lienibus
1412 1041 1481 1124 oet,

311 1167 389 1211 nam
412 1145 507 1210 unius
531 1144 738 1229 eiusdemque
762 1145 959 1210 substantivi
983 1145 1151 1210 attributis
1181 1144 1401 1227 compluribus
1423 1168 1481 1209 no-

312 1275 388 1318 vum
421 1251 610 1337 odiungItur
639 1251 702 1316 hoo
735 1251 917 1335 enuntiato,
958 1273 1017 1334 pro
1052 1272 1115 1335 quo
1148 1251 1251 1316 multo
1280 1252 1480 1317 commodius

313 1361 383 1423 erat
410 1357 585 1443 participio
614 1360 812 1422 structuram
841 1357 1038 1423 continuare.
1066 1357 1191 1442 priores
1219 1357 1386 1423 ediderant
1409 1381 1481 1422 curn

313 1466 429 1530 ceteris
456 1465 550 1530 libris
579 1486 691 1548 neque
717 1487 817 1530 senoco
841 1467 950 1549 pipard,
976 1487 1013 1530 ac
1036 1465 1183 1550 profecto
1207 1469 1265 1531 aut
1286 1466 1482 1530 redeundum

387 1694 420 1763 1⁰)
447 1693 580 1759 Quemvis
606 1693 733 1749 codicum
759 1695 930 1763 memoriam,
955 1695 1124 1765 ubicumque
1148 1694 1209 1751 fieri
1233 1694 1336 1765 possit,
1362 1694 1483 1750 fideliter

313 1783 478 1838 servandam
501 1800 561 1837 esse
586 1784 720 1852 statuam,
744 1802 800 1839 non
823 1785 955 1839 debemus
977 1786 1081 1851 tamen,
1101 1783 1298 1853 credensque
1318 1783 1482 1838 eotenaces

313 1889 374 1928 esse
397 1871 551 1942 scripturae
574 1871 760 1940 librariorum,
783 1875 816 1927 ut
838 1872 976 1942 corrigere
998 1889 1144 1926 vereamur
1167 1871 1197 1924 in
1215 1889 1244 1926 re
1264 1874 1362 1942 aperta
1380 1873 1408 1928 et
1424 1892 1482 1928 non

311 1960 421 2016 rati0ne
446 1961 529 2015 modo
554 1960 617 2032 ipsa
642 1963 844 2030 commendata,
871 1962 920 2016 sed
941 1981 994 2015 usu
1020 1978 1129 2031 quoque
1153 1962 1293 2016 constanti
1311 1962 1482 2028 confirmata,
1573 2000 1574 2008 .

312 2049 479 2119 praesertim
496 2050 546 2105 ubi
565 2051 599 2105 de
617 2051 764 2106 verborum
782 2050 1026 2105 terminationibus
1045 2049 1147 2120 agibur,
1161 2049 1305 2118 inquibus
1320 2048 1483 2121 saepissime
1574 2093 1575 2096 ¹

312 2140 460 2208 peccatum
485 2156 546 2194 esee
573 2139 827 2195 ‘transcribentium
854 2140 926 2193 forte
956 2138 1043 2194 varia‘
1068 2143 1133 2209 post
1163 2139 1234 2194 alios
1264 2157 1317 2210 ego
1346 2139 1483 2194 Plinianis
1576 2219 1577 2222 Ἰ

273 2255 277 2262 ·
314 2228 448 2300 exemplis
473 2229 591 2298 probavi
615 2230 669 2284 luo.
695 2249 722 2300 p.
751 2235 800 2284 107
827 2248 867 2297 sq.
894 2247 977 2298 quare
1003 2247 1060 2284 non
1084 2228 1108 2282 is
1135 2247 1196 2282 sum
1215 2227 1263 2298 qui
1281 2229 1483 2299 reprehendam

315 2318 514 2388 Detlefsenum‚
534 2319 609 2388 quod
627 2337 690 2374 oum
707 2317 801 2372 Fclsio
819 2319 838 2371 1.
856 2319 875 2371 I.
891 2337 916 2387 p.
935 2325 966 2372 18
981 2318 1078 2373 contra
1092 2334 1187 2373 omncs
1200 2318 1286 2372 libros
1300 2317 1484 2372 indicativum

313 2407 434 2462 mutavit
454 2408 485 2462 in
508 2407 717 2463 coniunctivum
743 2407 795 2461 XV
819 2413 851 2462 67
876 2413 940 2461 suot
963 2408 1012 2476 qni
1029 2408 1136 2472 0001101,
1156 2425 1218 2461 oum
1237 2406 1368 2462 continuo
1388 2407 1482 2462 subse-

313 2498 434 2564 quantur
451 2497 536 2551 verba
555 2496 699 2550 simillima
717 2501 781 2549 sunt
799 2497 868 2565 qui.
890 2541 894 2550 .
914 2496 1035 2561 iubeant,
1049 2495 1157 2550 munita
1171 2513 1204 2550 ea
1218 2496 1331 2564 quidem
1344 2497 1373 2549 et
1387 2496 1483 2550 codice

314 2585 332 2638 d
355 2587 384 2640 et
408 2586 565 2640 ceterorum
583 2584 711 2654 vestigiis
730 2585 842 2654 apertis
862 2602 1032 2654 quamquam
1050 2585 1219 2638 monendum
1238 2585 1348 2639 videtur
1365 2603 1401 2639 ne
1420 2585 1482 2653 quis

313 2674 481 2744 diremptam
494 2675 576 2744 putet
588 2691 644 2727 neu
657 2673 814 2728 absolutam
829 2672 1022 2741 quaestionem
1039 2674 1112 2728 hano
1126 2672 1339 2743 grammaticam
1356 2672 1426 2727 loeis
1446 2673 1483 2728 iis

313 2780 382 2830 quos
412 2762 520 2818 Felsina
550 2762 696 2817 indicavit:
728 2762 832 2816 etenim
862 2764 894 2816 ut
917 2779 952 2816 ne
979 2761 1192 2816 coniunctivi
1217 2761 1329 2831 quidem
1355 2764 1483 2832 exempla

314 2852 408 2906 omnia
426 2851 562 2918 exhausit,
581 2851 622 2905 110
640 2850 824 2906 indicativi
841 2853 930 2906 multo
949 2851 1031 2922 plura
1050 2853 1161 2906 exstant
1180 2869 1263 2922 qnam
1280 2871 1368 2906 unum
1382 2852 1482 2908 abillo

313 2940 507 3010 significatum.
527 2957 593 2994 narn
611 2942 643 2994 ut
662 2958 821 3010 expromam
841 2959 911 3009 quae
929 2940 1023 2994 Felsio
1042 2941 1123 3010 plura
1141 2941 1170 2994 in
1190 2941 1299 2995 schedis
1314 2941 1383 2998 meis
1397 2941 1482 2998 adno-

311 3031 437 3084 taveram
452 3029 615 3098 priusquam
634 3029 693 3084 eius
711 3029 839 3085 libellum
854 3029 981 3100 cognovi,
1001 3030 1242 3084 coniunctivus
1260 3029 1290 3083 in
1307 3030 1482 3086 huiusmodi

313 3118 464 3174 enuntiatis
489 3119 614 3174 relativis
639 3120 747 3189 positus
772 3138 839 3173 usus
866 3122 909 3174 est
927 3118 1100 3186 creberrimi,
1119 3121 1152 3173 ut
1169 3119 1208 3173 VI
1228 3127 1269 3175 16.
1289 3127 1331 3174 20.
1352 3127 1410 3176 177.
1429 3121 1482 3175 VII

312 3214 336 3262 4.
357 3214 417 3262 206.
436 3208 502 3262 VIII
521 3215 554 3264 62
574 3210 637 3278 (63).
657 3208 697 3261 XI
717 3214 775 3263 192.
795 3213 854 3263 205.
873 3209 939 3262 XVI
957 3215 1000 3261 34.
1020 3212 1062 3262 51.
1083 3215 1142 3263 204.
1163 3208 1240 3262 XVII
1261 3215 1301 3263 73.
1316 3209 1408 3263 XVIII
1421 3216 1480 3264 200.

312 3297 390 3351 XXII
409 3303 450 3352 23.
470 3297 562 3352 XXIII
582 3304 641 3352 109.
661 3297 738 3351 XXV
758 3303 800 3352 27.
822 3304 879 3352 169.
900 3297 1004 3351 XXVII
1023 3303 1047 3351 9.
1067 3297 1170 3352 XXXV
1190 3304 1232 3351 41,
1251 3297 1382 3352 XXXVII
1396 3305 1437 3352 22.
1451 3297 1481 3352 in

311 3385 355 3441 his
378 3388 513 3442 nonnulla
537 3386 650 3457 quidem
674 3389 746 3455 suut,
769 3386 917 3456 inquibus
936 3387 1047 3442 variant
1065 3386 1193 3441 codicum
1212 3385 1373 3456 scripturae.
1392 3387 1480 3442 indi-

312 3474 421 3531 cativi
444 3477 538 3531 autem
562 3476 670 3531 Felsina
689 3495 775 3530 unum
795 3475 876 3530 affert
894 3476 1050 3546 exemplum
1070 3475 1175 3529 XXXII
1195 3483 1237 3544 50,
1257 3493 1309 3544 ego
1327 3475 1385 3530 iam
1404 3479 1480 3532 ante-

311 3566 364 3620 hac
389 3582 490 3619 novem
515 3565 585 3619 haec
610 3565 744 3621 adnotata
771 3565 909 3619 habebam
934 3581 1024 3633 neque
1044 3565 1137 3618 omnia
1156 3564 1246 3618 ausim
1264 3583 1281 3620 a
1299 3581 1344 3618 me
1364 3566 1481 3620 collecta

312 3655 464 3710 affirmare:
488 3655 527 3708 VI
550 3661 583 3708 37
607 3671 663 3709 000
686 3655 783 3708 desunt
805 3656 854 3723 qui
868 3697 896 3710 ..
920 3655 1045 3720 tradant,
1068 3653 1106 3708 ib.
1132 3661 1181 3709 120
1204 3660 1268 3708 suot
1291 3656 1480 3723 pultrellum,

311 3744 347 3799 ib.
373 3751 424 3799 202
447 3749 512 3797 sunt
534 3744 583 3813 qui
598 3785 603 3796 .
620 3783 626 3796 .
645 3748 750 3811 potant
776 3742 827 3811 (ita
850 3742 963 3812 quidem
986 3742 1113 3812 Silligius
1137 3744 1282 3811 Ianusque,
1305 3741 1480 3798 Detlelsenus

311 3831 397 3887 tacite
423 3831 561 3902 correxit),
587 3833 665 3886 XVII
691 3838 740 3886 170
767 3837 831 3886 suot
857 3833 905 3901 qui
929 3837 1021 3888 vetant
1044 3831 1174 3900 idemque
1204 3831 1289 3886 etiam
1313 3830 1349 3886 ib.
1377 3838 1427 3886 207
1454 3834 1480 3900 (a

312 3921 473 3975 Detlefseno
496 3923 591 3976 tamen
614 3939 648 3976 ex
670 3922 694 3975 D
717 3939 791 3975 nuno
816 3922 990 3990 correctum),
1014 3920 1092 3975 XXV
1117 3927 1167 3976 100
1186 3922 1332 3989 0001001.
1350 3963 1355 3974 .
1375 3927 1479 3987 0000οι,

311 4009 347 4064 ib.
370 4015 420 4065 158
439 4028 487 4065 oco
506 4029 562 4066 000
580 4009 1182 4079 1000010010·001000001,015500010οί
1197 4051 1202 4063 .
1218 4051 1224 4063 .
1239 4011 1340 4076 dixere,
1354 4009 1432 4062 XXII
1447 4015 1480 4063 26

311 4104 376 4153 suat
403 4105 428 4153 et
454 4102 548 4169 qui..
577 4102 759 4155 tradiderunt.
785 4100 938 4154 notandum
962 4101 1056 4154 autem
1079 4100 1122 4154 est
1145 4100 1260 4168 excepto
1278 4097 1369 4168 primo
1390 4100 1480 4154 cetera

312 4190 439 4259 exempla
458 4188 552 4244 omnia
573 4189 655 4244 iniis
673 4189 753 4244 libris
771 4188 899 4256 inveniri,
916 4187 947 4242 in
965 4188 1065 4258 quibus
1083 4187 1341 4257 antiquissimorum
1355 4187 1480 4243 codicum

312 4277 436 4332 subsidia
454 4295 505 4334 nos
524 4278 663 4334 deficiunt.
684 4279 718 4333 de
736 4277 840 4332 XXXII
854 4282 888 4332 50
902 4277 1010 4332 Felsina
1025 4275 1093 4332 (11011
1108 4277 1255 4332 ‘diversam
1270 4276 1480 4332 asperationem

312 4384 376 4421 eum
393 4366 434 4421 ibi
452 4385 520 4436 pauc
539 4367 575 4421 ad
594 4369 701 4424 eertum
720 4368 794 4438 quod
812 4367 996 4436 praecesserit
1014 4365 1169 4422 subiectum
1188 4366 1342 4435 referatur,
1358 4383 1390 4421 ao
1405 4366 1480 4421 simi-

405 4641 413 4674 l
