3212 5088
141 553 324 618 accuratius
355 554 472 618 vellem
501 554 665 638 persequi,
695 575 808 618 vereor
840 576 880 618 ne
912 553 995 618 liber
1022 555 1103 620 mihi
1126 557 1312 622 scribendus

140 663 228 724 esset
250 659 337 722 haud
360 660 466 724 minor
489 682 585 742 quam
610 660 761 726 editionis
785 660 936 726 volumen
958 661 1066 744 ipsum
1087 666 1146 746 est,
1168 662 1208 726 ad
1226 664 1313 746 quod

141 765 368 830 adnotationes
400 765 572 848 pertinent.
604 788 663 830 nec
693 769 802 830 tamen
833 767 946 849 cupide
975 768 1119 852 quaesivi
1144 768 1312 835 dubitandi

142 872 192 936 vel
222 895 241 935 a
274 873 388 936 ceteris
417 871 627 936 dissentiendi
650 871 830 956 materiam,
854 873 918 957 sed,
943 877 978 937 ut
1001 895 1059 957 par
1084 878 1141 958 est,
1166 875 1312 939 codicum

141 979 368 1044 auctoritatem
383 979 519 1042 fideliter
535 983 689 1064 cauteque
704 980 857 1044 tuendam
871 981 1097 1064 patavineque
1108 982 1311 1046 coniecturae

139 1087 246 1149 locum
276 1086 416 1149 dandum
448 1108 518 1150 esse
552 1087 614 1150 nisi
637 1086 693 1149 ubi
718 1089 774 1150 aut
797 1087 830 1149 in
854 1087 961 1151 verbis
986 1091 1043 1151 aut
1065 1086 1099 1150 in
1122 1088 1217 1151 rebus
1241 1111 1311 1171 per-

140 1215 268 1256 versum
295 1192 533 1257 contrariumve
566 1191 687 1276 aliquid
710 1214 780 1256 esse
804 1193 928 1258 idoneis
952 1194 1151 1276 argumentis
1178 1195 1311 1278 coargui

140 1303 260 1382 posset.
287 1299 325 1363 de
354 1299 460 1362 verbis
489 1302 599 1362 autem
622 1302 654 1361 et
678 1298 715 1362 de
740 1299 923 1383 rebusque
948 1300 1065 1363 rectius
1089 1299 1255 1384 iudicetur,
1279 1304 1311 1363 et

140 1405 368 1470 elocutionis
397 1405 601 1470 Plinianae
624 1405 807 1489 proprietas
833 1405 1004 1490 diligenter
1037 1406 1237 1471 observanda
1261 1412 1310 1471 est

139 1517 173 1576 et
191 1516 369 1577 auctores
388 1511 437 1575 illi
452 1513 575 1575 attente
589 1511 839 1596 pervestigandi,
854 1535 870 1575 e
886 1512 1001 1594 quibus
1016 1512 1140 1576 Plinius
1156 1513 1309 1576 scientiae

141 1642 216 1684 suae
250 1619 361 1702 copias
392 1618 503 1683 hausit
535 1620 587 1682 vel
619 1618 812 1702 quibuscum
845 1619 1007 1683 communi
1038 1618 1127 1682 fonte
1158 1641 1235 1683 usus
1260 1624 1310 1683 est

139 1728 190 1790 vel
214 1727 269 1810 qui
291 1727 360 1789 eins
383 1725 484 1790 libros
508 1729 623 1808 postea
646 1725 912 1808 compilaverunt.

228 1831 335 1916 Atque
359 1836 395 1896 ut
418 1832 591 1915 primarios
611 1832 706 1896 modo
727 1831 820 1895 exiis
836 1832 1022 1896 auctoribus
1042 1833 1214 1918 nominem,
1228 1857 1309 1918 quos

138 1941 322 2004 etiamnunc
351 1939 385 2002 in
418 1939 568 2002 manibus
597 1918 766 2022 habemus,
795 1937 906 2001 hausit
934 1937 1059 2002 Plinius
1082 1939 1117 2002 11
1139 1939 1231 2003 libris
1256 1940 1310 2024 qui

139 2051 215 2111 sunt
245 2045 282 2109 de
316 2045 512 2110 animalibus
543 2045 576 2107 in
607 2044 720 2126 primis
745 2066 784 2107 ex
807 2043 1042 2130 Aristotele,
1066 2066 1161 2128 quem
1184 2045 1218 2108 in
1241 2047 1309 2129 plu-

136 2154 228 2216 rimis
249 2151 514 2236 gravissimisque
533 2153 630 2214 rebus
650 2151 829 2233 principem
848 2154 904 2215 aut
924 2151 1028 2215 solum
1048 2153 1161 2216 ducem
1181 2155 1309 2217 secutus

136 2261 196 2342 est,
223 2259 319 2322 modo
348 2259 446 2323 verbo
475 2258 609 2322 verbum
637 2256 830 2341 exprimens,
858 2257 954 2320 modo
979 2257 1051 2320 aliis
1076 2259 1181 2323 verbis
1205 2258 1309 2324 decla·

135 2388 212 2430 raus
243 2365 370 2448 eadem,
399 2364 559 2427 interdum
593 2364 692 2427 etiam
724 2363 758 2426 in
789 2367 897 2427 artum
926 2363 1081 2448 colligens
1113 2367 1170 2428 aut
1200 2365 1307 2430 verbis

137 2472 339 2556 amplificans
354 2473 387 2535 et
402 2494 439 2536 011
454 2470 527 2534 aliis
542 2470 755 2553 scriptoribus
775 2473 831 2562 aut
850 2470 887 2534 de
907 2492 965 2534 suo
985 2470 1141 2554 quaedam
1157 2471 1307 2538 adiciens

137 2579 175 2641 de
213 2579 382 2642 arboribus
418 2576 732 2659 Theophrastum
770 2576 941 2659 praecipue
984 2579 1112 2640 secutus
1150 2581 1215 2662 est,
1252 2579 1308 2643 sed

135 2687 239 2749 multo
263 2685 368 2748 rarius
390 2704 493 2767 neque
517 2683 628 2747 eadern
647 2683 864 2766 perpetuitate
885 2686 917 2745 et
936 2684 1128 2768 constantia,
1147 2707 1211 2768 qua
1228 2707 1307 2751 usus

136 2795 187 2854 cst
218 2792 253 2854 in
288 2790 486 2874 excerpendo
519 2788 714 2873 Aristotele,
745 2793 778 2853 et
809 2789 913 2853 multa
944 2790 1043 2854 etiam
1076 2812 1114 2854 ex
1147 2788 1307 2876 Catone,

134 2897 334 2980 Varrone,
363 2895 576 2962 Columella
602 2896 743 2978 repetiit.
770 2885 943 2978 praeterea
966 2919 1043 2961 vero
1070 2897 1106 2960 in
1128 2897 1190 2961 hac
1213 2904 1307 2980 parte

136 3005 243 3086 operis
263 3004 452 3087 saepissime
472 3002 621 3086 congruit
639 3024 712 3066 cum
726 2999 954 3067 Dioscorida
973 3003 1106 3088 medico,
1121 3005 1184 3088 qui,
1200 3008 1305 3071 aetate

134 3111 201 3174 fere
225 3110 368 3194 aequalis
392 3113 447 3174 aut
470 3111 567 3193 paulo
586 3109 699 3193 maior,
718 3131 757 3172 ex
780 3109 895 3173 iisdem
912 3109 1023 3173 hausit
1041 3109 1185 3175 fontibus
1205 3113 1304 3176 maxi-

134 3239 249 3300 meque
272 3241 288 3281 0
312 3215 422 3282 Sextio
445 3216 559 3302 Nigro,
582 3216 614 3279 id
638 3216 723 3300 quod
747 3216 843 3280 certis
868 3218 1066 3300 argumentis
1090 3217 1306 3284 demonstrari

134 3347 231 3408 posse
250 3324 399 3390 arbitror.
407 3325 431 3408 ¹)
451 3324 645 3407 compilatus
665 3323 800 3407 denique
814 3324 884 3406 ipse
900 3326 949 3388 est
963 3327 1119 3407 perpetuo
1139 3348 1159 3388 a
1173 3322 1206 3389 O.
1220 3323 1303 3389 Iulio

209 3589 227 3657 ¹)
247 3589 307 3642 Hoc
331 3586 429 3657 paucis
453 3587 483 3641 in
507 3589 668 3642 transcursu
693 3587 838 3641 absolvere
864 3588 916 3641 hcc
941 3587 1004 3642 loco
1027 3605 1082 3642 non
1100 3588 1223 3643 alienum
1242 3589 1303 3645 erit.

132 3676 310 3733 Dioscorides
334 3675 422 3745 igitur
446 3676 476 3729 in
501 3675 585 3745 primi
610 3676 644 3731 de
668 3674 786 3730 materia
810 3675 920 3729 medica
944 3675 1010 3729 libri
1036 3676 1221 3745 praefatione,
1249 3697 1304 3747 qua

131 3784 278 3822 recensum
295 3765 419 3818 instituit
437 3766 582 3819 auctorum
600 3764 649 3833 qui
668 3767 732 3819 ante
751 3764 844 3833 ipsum
858 3762 1030 3834 scripserunt
1043 3766 1072 3819 et
1085 3783 1203 3833 quorum
1216 3767 1303 3822 libros

131 3855 193 3910 sine
213 3853 296 3909 dubio
316 3853 444 3923 inspexit,
465 3872 479 3908 0
498 3853 640 3907 veteribus
659 3852 1301 3924 101011,Ηο100111101Το101111111,01010101,

133 3944 273 3998 Andream
288 3961 344 3997 non
359 3942 417 3996 sine
432 3942 594 3997 laudatione
607 3941 742 4010 nominat,
758 3960 773 3995 e
787 3940 987 4011 posterioribus
997 3943 1123 4010 Bassum,
1130 3942 1301 4011 Niceratum,

132 4032 302 4098 Petronium,
321 4030 475 4099 Nigrum,
494 4029 655 4099 Diodotum,
674 4032 726 4085 hos
744 4032 840 4085 tamen
857 4029 1018 4100 vituperans
1037 4048 1100 4084 oum
1120 4031 1155 4086 ob
1173 4032 1301 4101 putidam

129 4124 163 4176 in
180 4122 262 4176 rebus
281 4119 443 4189 vulgaribus
463 4119 651 4174 describendis
671 4119 846 4190 diligentiam
864 4121 925 4174 tum
944 4119 979 4174 ob
998 4117 1122 4174 medicae
1141 4120 1209 4175 artis
1223 4120 1300 4191 inpe-

129 4211 234 4279 ritiam,
260 4228 315 4278 qua
338 4207 468 4266 inanibus
492 4208 585 4263 verbis
611 4209 644 4263 de
671 4208 761 4264 causis
785 4227 878 4264 rerum
904 4207 1084 4264 disseruerint
1108 4209 1192 4277 atque
1215 4207 1301 4264 etiam

129 4299 223 4355 multa
250 4298 325 4353 inter
355 4315 384 4352 se
410 4295 593 4354 confuderint.
625 4299 738 4353 eosdem
763 4299 858 4352 autem
883 4315 978 4353 omnes
1003 4297 1109 4352 Pliniur
1136 4314 1245 4366 quoque
1270 4297 1300 4353 in

129 4387 271 4444 indicibus
295 4388 441 4444 auctorum
467 4388 674 4456 commemorat,
700 4385 756 4441 nisi
773 4387 848 4454 quod
866 4386 991 4441 Petronii
1009 4387 1038 4442 et
1055 4385 1170 4442 Diodoti
1186 4386 1301 4442 nomina
