3212 5088
556 323 715 422 je„

56 541 147 600 paene
171 519 332 584 inmutata
355 541 414 582 sua
437 517 523 582 fecit.
570 515 713 582 eiusdem
737 516 814 582 libri
838 519 857 596 ξ
883 517 945 580 112
974 515 1060 600 quod
1082 516 1220 580 inseruit

56 626 152 690 cereas
177 625 278 690 solius
302 623 339 689 a²
362 625 478 688 nititur
501 623 708 708 auctoritate,
732 623 787 688 sed
802 646 874 688 cum
898 645 1030 706 prorsus
1051 623 1094 687 sit
1108 645 1217 706 super·

57 749 234 815 vacaneum,
249 735 396 817 apertam
410 731 673 814 interpolationis
688 731 829 814 speciem
843 753 921 813 prae
936 752 970 794 se
985 729 1060 792 fert:
1076 726 1217 815 (cervae)

54 846 115 904 (cate
132 845 262 922 partiam
285 844 467 922 perpatitur
492 839 585 904 laerte
607 838 743 920 orcadum
765 859 844 920 qnae
865 835 967 902 seselis
989 837 1114 913 ilieitor,
1138 836 1217 916 socl-

54 944 120 1008 llorc
142 945 189 1008 ita
210 949 326 1011 acteates
347 951 440 1010 utero.
486 965 507 1009 a
527 951 627 1028 porto
654 947 745 1009 dacus
768 944 916 1026 [tertias]³
943 964 1021 1025 quae
1044 948 1168 1006 temam
1190 947 1218 1006 et

52 1051 146 1116 seselis
169 1053 376 1136 appellantia,
399 1057 511 1136 pastae
533 1053 659 1116 acciscat
681 1053 724 1114 ud
742 1051 848 1131 fetalia.
893 1049 941 1114 IX
965 1051 1007 1113 83
1031 1049 1161 1132 saepiae
1185 1051 1217 1112 et

53 1156 207 1242 lolligines
222 1159 358 1242 pedibus
374 1159 499 1224 duobus
513 1158 713 1243 longissimis
729 1158 878 1222 dicuntur
892 1159 927 1221 ia
948 1158 1068 1237 fluctu
1086 1177 1117 1220 se
1138 1155 1218 1220 velot

51 1263 185 1330 secretioris
198 1266 360 1330 stabilire:
385 1266 418 1330 in
440 1265 493 1329 his
509 1264 682 1350 singularis
705 1263 847 1328 nominis
869 1263 981 1345 fluctus
999 1285 1105 1327 nonne
1130 1263 1216 1328 omni

52 1372 227 1454 suspicione
241 1372 358 1439 vacat?
390 1371 493 1435 nihilo
509 1371 615 1434 minus
639 1369 832 1434 correctoris
856 1365 894 1432 a²
916 1368 1052 1452 pluralis
1075 1369 1217 1450 slmtcbus

53 1478 202 1558 probatus
235 1482 286 1544 est
312 1477 510 1543 Detl‘efseno.
561 1481 593 1540 et
624 1499 700 1541 mox
732 1478 752 1555 ὅ
780 1475 823 1540 85
856 1497 927 1539 cum
956 1475 1069 1540 eodem
1101 1474 1217 1538 maluit

53 1585 201 1650 scribere:
231 1583 372 1671 (polypi)
400 1587 511 1650 terreae
534 1585 666 1648 maures
694 1603 788 1664 quom
809 1583 991 1665 pelopici,
1019 1603 1091 1646 eum
1113 1581 1216 1662 Dpe-

52 1690 133 1774 lapii,
163 1689 269 1756 RFa¹
292 1693 399 1775 pelupi
424 1691 582 1775 habeant,
619 1711 756 1774 quorum
787 1689 878 1772 prius
907 1688 1125 1772 recipiendum
1158 1691 1217 1771 est,
1316 1779 1319 1784 ¹

51 1817 119 1860 nam
139 1797 291 1875 πελάγιο(
310 1799 412 1862 multo
427 1796 627 1882 frequentius
652 1817 748 1879 quam
762 1795 934 1872 πελαγικό(
958 1799 991 1860 et
1004 1794 1109 1860 Plinio
1134 1794 1215 1859 alias

52 1925 143 1967 canum
168 1904 361 1970 adiectivum
378 1907 521 1988 pclaplns
543 1904 706 1968 familiare
729 1907 791 1967 est:
815 1902 871 1967 cfr.
894 1902 941 1966 IX
958 1904 1030 1968 109.
1047 1903 1117 1967 131.
1144 1903 1216 1968 134.

54 2011 118 2075 135.
141 2010 266 2075 XXXII
290 2011 342 2076 59.
365 2011 444 2075 item
472 2009 680 2093 interpolatio
709 2009 936 2091 exprobranda
962 2013 1012 2073 est
1042 2009 1217 2075 correctori

51 2116 75 2178 X
100 2120 161 2182 168
188 2118 346 2183 colcicrooa
372 2118 493 2182 naiocot
514 2116 800 2198 contemperatio
828 2121 961 2192 mictum,
993 2116 1043 2180 cai
1069 2121 1098 2180 et
1123 2117 1215 2180 criem-

50 2224 181 2288 tranae
208 2245 268 2290 cea
289 2245 418 2306 manoe.
470 2223 568 2287 ceteri
600 2220 676 2285 libri
705 2225 792 2284 recte
824 2223 1071 2286 iacembraaaeeae
1097 2224 1216 2304 mailoc

51 2333 112 2415 circi,
135 2354 210 2395 nam
234 2330 530 2410 membranaenon
553 2332 629 2392 srmt
651 2327 759 2411 pinnis
775 2326 910 2410 similes,
934 2326 989 2390 sed
1012 2327 1121 2410 potius
1144 2329 1214 2412 pin-

50 2459 103 2502 nae
127 2437 324 2503 membranis
349 2439 508 2500 constant.
554 2436 592 2499 de
615 2457 693 2502 voce
710 2436 829 2516 manoe
852 2437 960 2498 autem
990 2456 1049 2517 pro
1073 2433 1134 2499 alis
1157 2457 1214 2520 po-

51 2546 107 2609 sita
135 2543 277 2610 dubitari
303 2566 369 2609 non
396 2546 519 2627 potest,
556 2565 629 2608 cum
658 2542 798 2626 piscium
834 2562 959 2626 quoque
990 2563 1027 2604 ea
1059 2540 1214 2624 membra,

50 2675 124 2733 quae
148 2651 274 2716 alarum
296 2651 398 2716 vicern
423 2648 584 2732 obtinent,
608 2649 719 2714 eodem
744 2648 901 2713 vocabulo
917 2646 1130 2729 appellentur.
1163 2647 1214 2711 de·

49 2759 139 2843 nique
163 2759 232 2843 saal,
261 2757 347 2842 quod
374 2756 441 2820 iam
464 2754 626 2820 Gesnerus
654 2754 785 2838 delevit,
814 2776 906 2818 suam
930 2753 1031 2818 habet
1054 2754 1215 2818 rationem

49 2869 175 2950 propter
189 2862 384 2948 particulam
399 2867 437 2945 et,
457 2881 560 2943 neque
580 2883 743 2944 opponere
756 2860 833 2925 licet
847 2861 1074 2925 auctoritatem
1088 2859 1214 2927 Aristo·

48 2973 116 3036 telis
140 2971 171 3036 h.
195 2993 223 3034 a.
245 2967 263 3032 I
285 2969 305 3032 5
338 2990 369 3050 p.
392 2968 458 3032 490
471 2965 515 3050 A,
545 2968 562 3030 'l
592 2968 631 3031 τὰ
661 2969 696 3030 δὲ
721 2965 932 3047 δερμόπτερα,
961 2966 1033 3030 οἷον
1061 2964 1214 3048 ἀλώπηξ

49 3081 93 3142 καὶ
117 3076 274 3156 νυκτερίς,
304 3095 380 3138 nam
402 3072 591 3156 vulpeculae
613 3072 754 3137 volucris
779 3073 865 3158 apud
886 3072 1027 3136 Plinium
1052 3075 1143 3138 nulla
1166 3080 1216 3139 est

48 3185 173 3250 incutio.
1186 3261 1187 3266 η

130 3289 199 3354 Nec
226 3287 332 3350 minus
363 3286 500 3370 inprobo
523 3285 696 3350 lectionem
719 3285 903 3350 concliorum
926 3285 1005 3349 olim
1032 3287 1213 3372 vulgatam,

51 3399 102 3462 sed
131 3397 171 3461 ab
195 3393 365 3458 Hardu'ino
389 3395 475 3456 recte
504 3392 681 3476 explosam,
709 3415 805 3475 quam
834 3391 922 3455 solus
946 3393 1114 3457 revocavit
1135 3394 1213 3459 Det-

48 3505 197 3585 lefsenuS,
228 3500 304 3583 quia
331 3519 494 3564 coccorano
520 3497 621 3561 habet
649 3494 688 3560 a2
714 3519 773 3580 pro
802 3499 964 3563 laesuram
991 3499 1025 3563 in
1051 3499 1104 3563 his
1132 3523 1213 3584 quae

47 3610 87 3673 IX
118 3610 161 3673 94
198 3611 329 3672 auctore
360 3604 511 3670 Muciano
544 3604 583 3667 de
611 3604 773 3668 communi
802 3605 942 3670 conchae
980 3605 1145 3670 cuiusdam
1182 3612 1215 3671 et
1287 3677 1297 3688 ,

46 3717 167 3800 nauplii
193 3712 404 3798 navigatione
430 3711 493 3776 hoo
521 3710 617 3775 modo
645 3712 830 3774 narrantur:
863 3710 1030 3792 nauplium
1059 3711 1153 3776 condi
1180 3713 1214 3778 in

47 3825 199 3888 concham
214 3823 247 3884 et
270 3818 438 3899 tranquillo
460 3822 604 3882 vectorem
617 3819 754 3884 dimissis
771 3817 924 3899 policratis
944 3817 1039 3897 serice
1061 3823 1096 3882 at
1113 3821 1214 3898 rema,

46 3933 71 3993 sl
91 3949 161 3994 cero
183 3927 278 4008 flotin
300 3925 441 4002 incitent,
464 3926 582 3989 cosdem
604 3926 639 3988 ia
662 3907 722 3988 asa
741 3923 941 4006 puberaocati
957 3925 1081 4007 percipi
1097 3927 1214 4008 pondi

46 4059 98 4117 qaae
121 4037 315 4100 baccaricia
337 4031 426 4094 sinus
439 4051 544 4095 carae.
571 4031 664 4095 taius
679 4031 864 4112 solenitatem
878 4049 939 4104 esse
960 4035 996 4094 at
1015 4030 1104 4113 ferat,
1127 4033 1214 4098 itlius

46 4150 78 4207 ot
98 4146 192 4226 repat.
231 4138 303 4222 quis
326 4157 392 4202 non
414 4137 484 4200 iure
507 4137 650 4202 offendat
673 4138 708 4201 in
730 4135 850 4220 plurali
873 4157 1007 4202 numero
1030 4136 1214 4202 coaeterum

46 4254 172 4331 praeter
202 4244 475 4328 exspectationem
506 4249 677 4328 usurpate,
705 4266 778 4310 cum
805 4243 840 4306 in
865 4245 937 4306 tota
964 4243 1149 4307 narratione
1182 4249 1215 4309 et

46 4355 195 4446 nauplius
219 4356 252 4417 et
275 4351 398 4420 coneha
420 4351 569 4417 dicantur
591 4372 724 4417 numero
749 4349 928 4435 singulari?
961 4369 1056 4432 quam
1079 4348 1121 4414 ob
1145 4371 1215 4416 rem
