3212 5088
616 326 775 425 A

104 520 250 585 bendum
279 541 349 584 osse
375 519 436 584 luc.
464 542 494 602 p.
518 522 560 584 22
589 521 664 585 dixi.
687 519 773 604 quod
797 540 991 605 quamquam
1014 518 1094 583 lano
1118 540 1185 583 non
1207 541 1280 604 pro-

105 628 223 692 batum
251 629 301 691 est
329 624 363 713 (l.
391 627 411 690 l.
438 649 469 709 p.
493 624 580 713 682),
610 627 763 710 probavit
794 629 904 692 tamen
936 624 1154 710 Detlefsenus,
1184 627 1280 690 simul

107 738 219 798 autem
253 735 357 798 labare
385 734 525 798 mutavit
556 735 590 799 in
623 735 721 810 liuere,
754 733 906 817 deceptus
938 733 993 798 ille
1024 731 1152 816 quidem
1180 733 1281 796 nimia

107 840 335 905 aestimatione
368 839 558 905 correctoris
588 836 641 924 Dl,
674 840 728 924 qui
752 843 771 920 ὅ
795 841 838 904 92
871 839 1014 903 exhibet:
1047 841 1216 905 domantur
1247 840 1283 903 iu

99 949 221 1031 prucis
240 943 451 1033 (cinnamum)
465 946 555 1009 molle
568 951 624 1009 out
637 947 687 1009 cui
705 947 775 1010 licet
788 952 894 1010 cortex.
925 945 981 1010 sed
994 967 1097 1030 neque
1111 945 1163 1009 hic
1176 966 1281 1030 neque

105 1054 177 1119 illic
199 1053 283 1117 hanc
306 1053 519 1118 mutationem
543 1053 653 1135 aptam
677 1075 746 1116 esse
770 1051 977 1118 Dioscorides
998 1051 1149 1134 declarat,
1169 1051 1223 1136 qui
1243 1051 1281 1115 de

107 1160 251 1225 cinnami
284 1159 396 1244 quinto
416 1180 546 1252 ¹,genere
578 1159 594 1222 I
629 1159 669 1222 13
703 1158 793 1224 dicit:
824 1160 1045 1238 upoceppeptc
1076 1159 1135 1222 τὸν
1163 1159 1281 1236 φλοιὸν

106 1260 219 1350 uurciq'
245 1272 359 1350 πυρρᾷ,
387 1268 468 1344 πρὸ(
495 1270 554 1346 τὴν
578 1266 665 1346 ἁφὴν
689 1269 724 1330 δὲ
749 1265 906 1344 ετερεόν
929 1265 961 1328 h.
985 1287 1010 1328 e.
1034 1263 1188 1328 corticem
1213 1285 1281 1328 esse

107 1373 215 1438 casiae
238 1374 329 1438 rufae
354 1372 500 1456 similem,
523 1395 590 1437 non
611 1376 722 1436 tamen
743 1372 919 1456 labantem,
942 1374 980 1436 ut
1002 1372 1116 1454 casiae,
1137 1370 1192 1434 sed
1211 1373 1282 1434 tan-

108 1480 202 1564 genti
231 1478 383 1562 solidum3
411 1479 558 1562 idemque
585 1479 602 1554 l
632 1481 672 1544 12
697 1480 759 1543 teri
783 1482 817 1544 δέ
842 1500 887 1543 τι(
911 1478 1123 1558 ψευδοκαεεία
1147 1477 1281 1557 ἀφάτω(

109 1589 260 1667 ἐμφερής,
289 1588 355 1666 ἥτις
384 1587 549 1663 ἐλέγχεται
577 1593 615 1670 τῇ
638 1588 750 1665 teucer,
774 1586 833 1650 οὐκ
856 1586 934 1650 otro
958 1590 1082 1664 δριμεῖα
1106 1585 1182 1648 οὐδὲ
1206 1581 1281 1662 ἀρο-

110 1694 272 1773 ματώδηε,
306 1693 596 1772 προεεχόμενόν
629 1715 664 1758 τε
697 1694 755 1756 τὸν
788 1693 908 1771 φλοιὸν
935 1691 1001 1770 ἔχει
1033 1697 1071 1776 τῇ
1100 1689 1280 1772 ἐντεριώνῃ.

110 1799 230 1883 duplex
257 1799 358 1884 igitur
386 1802 436 1863 est
462 1799 613 1882 probatio
644 1800 771 1881 spuriae
800 1798 906 1863 casiae
931 1802 963 1863 ct
986 1800 1083 1882 gustu
1107 1798 1139 1859 et
1163 1795 1282 1859 cortice

110 1906 272 1970 medullae
296 1904 490 1971 adhaerente
514 1905 534 1967 i.
559 1927 584 1968 e.
607 1925 672 1969 non
690 1905 831 1990 labante,
856 1927 918 1988 quo
943 1905 1068 1968 sincera
1091 1905 1124 1966 et
1143 1901 1283 1986 genuina

110 2013 201 2078 oasia
224 2010 482 2097 deprehenditur.
505 2013 675 2094 praeterea
698 2015 889 2095 argumento
918 2014 976 2094 est,
1000 2010 1085 2093 quod
1108 2008 1282 2073 secundum

110 2119 375 2202 Theophrastum
407 2121 426 2199 ξ
455 2119 497 2182 96
525 2117 692 2182 vermiculi
720 2117 869 2180 dicuutur
897 2117 994 2181 coriis
1022 2114 1282 2199 putrescentibus

111 2225 209 2309 allici,
232 2228 268 2288 ut
291 2225 416 2310 lignum
440 2225 575 2288 erodant
598 2227 814 2307 excaventque
843 2223 1005 2287 corticem.
1029 2222 1137 2306 itaque
1162 2243 1281 2285 correo-

109 2333 178 2398 tori
205 2331 324 2397 codicis
352 2329 391 2414 D,
419 2331 483 2415 qui,
510 2334 547 2393 ut
574 2330 660 2394 infra
687 2330 834 2412 pluribus
864 2327 1064 2394 documentis
1092 2328 1284 2410 evincemus,

109 2461 354 2521 nonnumquam
377 2437 510 2502 licentia
533 2439 700 2522 grassatus
725 2440 783 2521 est,
806 2439 935 2500 tantum
960 2435 1053 2500 abest
1071 2437 1107 2496 ut
1126 2433 1284 2517 obsequa-

110 2567 195 2630 mur,
218 2547 255 2608 ut
274 2547 293 2624 §
313 2545 356 2608 95
378 2567 451 2608 cum
469 2541 640 2606 MD1edT
664 2543 767 2607 labore
793 2541 930 2606 firmiter
954 2544 1122 2604 teneamus
1148 2535 1283 2623 (dequo

111 2653 213 2718 verbo
241 2651 297 2716 cfr.
326 2652 425 2716 etiam
452 2649 546 2714 XVII
578 2651 638 2714 107
669 2650 753 2714 lubot
778 2649 876 2712 1111010
905 2668 1010 2711 liotore
1033 2641 1144 2730 corten)
1169 2666 1282 2708 eorun-

112 2759 249 2843 demque
273 2757 467 2822 auetoritate
489 2756 565 2820 freti
589 2779 605 2818 e
629 2755 791 2821 contrario
815 2754 951 2818 verbum
975 2754 1054 2818 lubet
1076 2753 1174 2816 etiam
1198 2754 1217 2830 ξ
1241 2751 1284 2814 92

111 2887 308 2949 reponamus
337 2863 561 2929 emendatione
595 2863 790 2946 certissima,
819 2883 892 2924 cum
920 2881 985 2924 una
1017 2861 1130 2924 littera
1158 2859 1285 2923 diversa

111 2973 150 3037 in
171 2969 263 3035 Due
288 2971 365 3035 labit
382 2969 539 3052 scriptum
558 2969 610 3054 sit,
630 2969 713 3034 unde
733 2967 781 3032 dT
800 2967 884 3032 falso
905 2968 1019 3033 labitur
1037 2967 1217 3032 effecerunt.
1240 2964 1285 3030 sic

112 3077 301 3143 Harduinus
322 3098 447 3161 quoque
466 3077 549 3140 lebat
568 3075 738 3139 emendare
763 3075 919 3158 voluerat,
940 3073 996 3139 sed
1014 3073 1099 3158 fugit
1118 3095 1192 3138 eum
1212 3095 1285 3137 con·

113 3187 293 3251 iunctivum
320 3185 481 3268 postulari
509 3184 542 3247 in
565 3183 660 3246 huius
684 3181 810 3266 generis
835 3180 1011 3245 enuntiatis
1040 3180 1187 3244 relativis
1211 3201 1283 3244 con-

115 3292 216 3358 stanti
249 3315 310 3356 usu
341 3312 408 3356 11011
440 3290 577 3355 aliorum
606 3288 701 3354 modo
731 3288 939 3372 scriptorum,
968 3285 1024 3350 sed
1052 3286 1151 3350 etiam
1178 3285 1286 3368 Plinii,

115 3422 211 3484 quem
235 3421 327 3462 usum
350 3397 478 3461 frustul.
501 3395 582 3458 Plin.
606 3417 637 3477 p.
661 3395 703 3458 32
728 3417 773 3477 sq.
782 3390 820 3479 ¹⁵)
845 3393 1000 3476 exemplis
1024 3391 1195 3456 illustravi.
1229 3390 1285 3454 sed

115 3574 239 3644 recipere
258 3591 342 3642 quam
359 3571 389 3624 in
407 3571 493 3625 micas
512 3569 607 3624 friati?
635 3571 689 3624 hoc
708 3570 782 3623 esset
799 3567 933 3624 materiae
951 3568 1045 3622 lentae
1064 3568 1093 3622 et
1110 3565 1211 3632 mollis,
1230 3584 1287 3621 non

114 3663 232 3733 fragilis.
269 3661 354 3715 immo
379 3659 548 3714 contrarium
576 3675 688 3714 necesse
713 3658 759 3728 est
783 3656 838 3710 diei
859 3657 889 3712 iu
912 3656 998 3711 micas
1026 3655 1120 3726 potius
1142 3655 1287 3725 1110111110

115 3770 200 3822 quam
233 3750 344 3805 dentem
376 3748 507 3818 recipere.
548 3747 696 3816 praeterea
723 3744 813 3800 obiter
840 3761 953 3812 moneo,
985 3761 1084 3799 vocem
1107 3745 1287 3813 amplitudine

116 3839 186 3894 mihi
205 3839 363 3907 suspectam
382 3853 456 3902 esse,
483 3854 546 3890 cum
569 3833 725 3904 amplitudo
744 3832 877 3886 facillime
900 3831 990 3902 possit
1013 3832 1195 3888 adulterando
1215 3831 1289 3888 effici

115 3930 262 3996 totumque
281 3924 459 3981 adulterandi
479 3924 588 3976 lucrum
611 3921 641 3975 in
659 3919 844 3990 amplitudine
862 3919 985 3990 positum
1004 3919 1053 3988 sit3
1072 3920 1121 3975 scd
1139 3919 1206 3989 quid
1225 3937 1288 3974 cum

115 4015 314 4088 probabilitate
329 4014 424 4083 aliqua
437 4029 582 4082 reponam,
599 4010 724 4065 nondum
737 4009 835 4064 haheo.
861 4008 892 4062 111
906 4007 1069 4068 DIosooride
1083 4007 1154 4062 nihil
1168 4008 1287 4078 repperi,

116 4105 191 4174 quod
214 4102 403 4160 emendationi
423 4103 556 4157 idoneum
579 4099 661 4156 esset.
698 4099 822 4154 ceterum
845 4097 922 4152 amat
943 4096 1050 4150 Plinius
1073 4099 1217 4166 potiusque
1238 4113 1287 4165 po-

115 4194 181 4251 nere
208 4193 239 4248 111
261 4190 439 4248 conectendis
462 4189 605 4245 sententiis
639 4188 797 4257 contrariis,
829 4189 862 4242 ut
888 4187 927 4240 XI
956 4193 997 4241 56.
1026 4192 1085 4240 211.
1118 4185 1235 4239 XXVIII
1261 4192 1290 4238 2.

116 4282 221 4338 XXXV
242 4287 300 4338 132.

191 4370 223 4440 ¹⁵)
242 4369 380 4424 Insertum
399 4369 442 4424 est
460 4369 513 4423 hoc
532 4367 794 4423 commentariolum
813 4365 839 4420 ei
856 4365 963 4432 libello,
984 4381 1037 4433 quo
1063 4361 1181 4418 societas
1200 4362 1289 4418 latina
