3212 5088
604 374 763 472 „m

91 563 158 629 Cic.
174 565 212 629 de
227 566 280 629 fin.
295 589 326 650 p.
342 569 407 632 624
422 567 469 632 ed.
478 565 555 654 alt),
570 569 603 632 et
621 567 803 653 neglexisse
817 567 970 652 quidquid
984 568 1069 634 inter
1082 568 1268 654 genetivum

90 675 125 735 et
152 672 296 738 dativum
325 673 519 739 discriminis
548 675 769 760 excogitatum
798 678 856 739 est.
902 698 977 740 nam
1009 675 1051 761 si,
1079 678 1115 739 ut
1141 678 1267 739 veteres

89 779 311 864 grammatici,
342 780 499 845 voluisset
522 784 554 845 et
577 774 704 846 morum
728 784 761 845 et
784 782 906 866 figurae
931 781 1176 846 similitudinem
1204 781 1268 846 dis-

88 886 254 970 tinguere,
281 888 469 972 genetivum
492 888 560 952 sine
589 887 685 952 dubio
714 887 867 952 adhibere
897 887 1008 951 debuit
1037 923 1075 932 —
1106 892 1142 952 ut
1168 911 1269 952 unum
1326 971 1328 976 Ι

88 992 274 1075 exemplum
302 994 435 1058 afferam
463 1031 504 1040 -
534 992 612 1058 XIV
643 995 683 1058 91
690 1045 699 1078 ,
727 993 783 1058 ubi
811 992 866 1060 On.
895 993 1044 1078 Domitii,
1071 992 1107 1057 L.
1135 992 1268 1077 Papirii,

87 1097 134 1162 M.
150 1097 284 1164 Catonis
310 1100 541 1165 abstinentiam
564 1103 596 1163 et
619 1122 745 1163 morum
770 1099 1014 1183 simplieitatem
1037 1124 1111 1166 cum
1137 1123 1268 1165 suorum

88 1205 274 1289 aequalium
296 1206 509 1271 insectatione
533 1205 684 1271 laudibus
707 1205 896 1290 praedicans
919 1207 994 1272 illos
1018 1209 1051 1271 im
1078 1212 1199 1272 tumtum
1222 1207 1268 1270 ait

87 1312 254 1376 dissimiles
281 1313 387 1390 istis,
424 1315 479 1395 qui
508 1315 601 1377 etium
630 1315 764 1378 conuiuis
793 1315 859 1378 otiu
886 1310 990 1400 (vina)
1020 1335 1114 1396 quoia
1150 1314 1270 1378 sibimet

87 1419 167 1498 ipsis
198 1421 374 1484 ministrent
399 1424 456 1482 1111
478 1420 657 1500 procedente
684 1440 790 1484 micmu
825 1421 984 1485 subiciunt.
1034 1441 1146 1483 mrsus
1171 1409 1268 1482 ¹idem

89 1523 120 1586 si
149 1521 196 1587 ‘in
221 1525 452 1610 animantium,
479 1525 647 1589 hominum
673 1525 865 1608 praesertim
889 1528 922 1589 et
944 1515 1089 1609 deorum,
1119 1525 1268 1590 similitu·
1318 1529 1320 1534 ’

88 1632 164 1695 dine
191 1631 347 1696 notanda’
376 1631 574 1716 genetivum,
605 1633 639 1696 in
666 1632 763 1697 rebus
792 1631 1017 1714 comparandis
1046 1631 1191 1698 dativum
1215 1631 1267 1696 ad-

87 1738 208 1802 iectivo
247 1737 420 1823 adiungere
453 1737 624 1822 voluisset,
661 1761 757 1822 quam
790 1739 950 1802 rationem
979 1739 1106 1822 aperuit
1133 1738 1268 1802 Wesen-

87 1845 236 1930 bergiuS,
259 1843 442 1928 Madvigius
457 1845 477 1907 l.
491 1845 512 1908 l.
534 1845 701 1928 probavit,
725 1849 795 1909 erat
811 1844 958 1928 profecto
982 1845 1124 1930 genetivi
1139 1845 1267 1909 occasio
1286 1900 1289 1906 ,

87 1951 232 2037 ponendi
257 1987 298 1996 -
322 1949 355 2014 id
378 1950 463 2035 quod
486 1951 551 2014 iam
570 1951 711 2016 Haasius
736 1953 776 2016 ad
799 1952 937 2036 Reisigii
961 1951 1089 2016 scholas
1113 1954 1180 2015 not.
1203 1950 1269 2014 550

87 2081 119 2142 p.
136 2058 202 2122 675
226 2057 393 2140 aptissime
418 2058 662 2122 observavit—
676 2059 711 2121 in
734 2059 817 2125 libro
837 2059 968 2123 V1151.
993 2059 1044 2123 52.
1068 2059 1125 2142 53,
1147 2057 1181 2121 in
1205 2079 1267 2140 quo

89 2165 129 2228 de
158 2165 241 2228 mira
268 2162 469 2246 quorundam
496 2164 665 2229 hominum
694 2165 904 2229 similitudine
935 2187 973 2228 ex
1009 2164 1158 2248 professo
1183 2164 1268 2248 egit,

89 2272 148 2336 sed
177 2271 294 2353 ubique
325 2269 470 2334 dativum
493 2270 616 2353 posuit,
646 2271 744 2334 etiam
766 2271 802 2333 in
823 2269 876 2334 his
905 2273 924 2350 ξ
949 2271 989 2335 51
1018 2272 1168 2352 quosdam
1194 2270 1269 2335 sibi
1376 2353 1381 2360 ι

87 2379 205 2442 similes
232 2397 348 2460 semper
374 2397 500 2459 pamm,
537 2377 593 2440 ubi
622 2377 678 2440 alii
716 2378 889 2460 scriptores
924 2398 1049 2459 semper
1077 2377 1127 2440 sui
1164 2374 1267 2439 dicere

89 2485 211 2568 solent,
235 2507 273 2548 ea
296 2486 404 2547 autem
428 2483 569 2568 genetivi
583 2483 743 2568 exempla,
767 2504 848 2566 quae
871 2485 1000 2547 exstant
1020 2482 1123 2546 adhuc
1146 2482 1181 2545 in
1204 2481 1267 2546 edi-

88 2590 247 2674 tionibus
276 2588 355 2654 adeo
382 2612 449 2654 non
473 2590 668 2654 conveniunt
694 2591 770 2654 huic
798 2589 931 2672 rationi,
959 2592 996 2652 ut
1023 2589 1052 2652 ei
1079 2588 1268 2671 planissime

88 2699 279 2781 repugnent.
329 2717 394 2759 una
422 2698 472 2759 est
497 2696 635 2780 locutio,
664 2696 698 2759 in
727 2719 789 2780 qua
818 2695 1010 2778 antiquioris
1039 2695 1196 2778 temporis
1225 2691 1268 2780 (v.

88 2802 305 2867 Ritschelium
329 2824 437 2885 opusc.
451 2801 485 2866 ΙΙ
500 2798 579 2889 579)
601 2824 680 2866 usus
705 2802 846 2867 obtinuit
868 2804 1041 2884 propterea
1064 2801 1150 2886 quod
1173 2801 1267 2864 unius

87 2909 230 2972 nominis
253 2909 358 2973 instar
382 2911 451 2972 erat
479 2910 511 2971 et
538 2909 573 2972 in
595 2909 754 2972 formulae
782 2930 876 2972 usum
907 2907 1044 2972 abierat:
1071 2908 1269 2974 locutionem

89 3015 177 3099 dico,
204 3037 285 3099 quae
313 3019 363 3080 est
385 3017 591 3080 verisimilis.
630 3016 665 3079 in
692 3015 753 3079 hac
776 3013 899 3080 Plinius
928 3036 1054 3098 quoque
1082 3015 1268 3100 genetivum

90 3143 218 3205 semper
250 3121 399 3186 adhibuit
429 3119 499 3207 (cfr.
527 3121 561 3185 II
591 3123 662 3187 167.
690 3122 721 3187 V
750 3121 801 3186 52.
831 3120 861 3184 Χ
891 3122 942 3187 20.
970 3119 1051 3184 XIII
1075 3129 1103 3192 8,
1131 3118 1193 3183 XV
1217 3119 1267 3184 56.

88 3225 169 3291 ΧΙΧ
191 3229 242 3292 31.
266 3227 378 3292 XXIII
395 3228 465 3292 150.
488 3228 598 3292 XXIX
620 3229 649 3292 2.
675 3229 725 3292 lb.
747 3227 840 3291 XXX
854 3227 905 3291 97.
929 3226 1038 3290 XXXI
1052 3216 1104 3280 55·
1127 3224 1268 3290 XXXIV

89 3334 144 3398 29.
167 3333 290 3398 XXXV
317 3334 388 3397 103.
412 3332 569 3398 XXXVII
593 3332 650 3419 25)
673 3355 775 3417 neque
798 3354 951 3415 umquam
980 3333 1062 3396 dixit
1088 3351 1156 3396 uero
1181 3332 1267 3397 simi-

90 3441 147 3518 lis,
174 3439 207 3504 id
234 3439 319 3523 quod
346 3438 424 3502 fecit
449 3437 575 3503 Livius:
603 3439 659 3502 cfr.
687 3438 869 3524 Madvigius
898 3438 1019 3502 emend.
1048 3437 1116 3502 Liv.
1140 3461 1169 3521 p.
1196 3439 1268 3522 119,

89 3546 314 3610 Kuehnastius
340 3549 422 3630 synt.
445 3544 515 3610 Liv.
537 3569 568 3628 p.
595 3546 666 3610 125.

182 3649 269 3727 Quae
298 3675 371 3716 cum
407 3652 454 3715 ita
482 3651 559 3734 sint,
589 3673 655 3717 non
682 3673 795 3724 vereor
821 3651 970 3735 equidem
998 3651 1143 3716 dativum
1171 3651 1267 3716 corri-

90 3758 197 3845 gendo
220 3759 391 3823 restituere
415 3759 456 3822 iis
479 3758 573 3841 locis,
596 3758 630 3822 in
653 3757 769 3841 quibus
785 3758 947 3822 sententia
969 3779 1027 3840 per
1046 3781 1080 3822 se
1098 3758 1196 3842 plana
1220 3761 1269 3821 est

90 3885 153 3929 nec
175 3865 242 3930 ulla
270 3864 460 3930 difficultate
489 3865 674 3947 obscurata,
702 3867 739 3927 ut
765 3863 875 3929 XXXI
902 3866 943 3929 37
973 3885 1090 3946 uquam
1116 3864 1268 3928 salubrem

90 3972 189 4036 u'e‘ris
216 3993 310 4052 111111
333 3972 526 4036 simillimum
550 3993 611 4036 esse
634 3976 759 4052 oportet,
788 3992 869 4055 quae
898 3971 1059 4036 sententia
1085 3970 1268 4035 illustratur

89 4077 200 4141 verbis
223 4076 285 4142 XV
307 4079 369 4144 108
394 4079 510 4142 mirum
533 4079 596 4141 trio
617 4083 749 4142 1111111
766 4079 937 4160 praecipua
959 4079 1106 4142 1111111111
1128 4078 1194 4141 sime
1217 4097 1268 4140 su-

89 4204 164 4264 pere
181 4203 255 4266 csse,
272 4185 339 4248 sime
357 4185 454 4260 odore,
473 4185 539 4248 sim
557 4204 640 4265 suco,
659 4205 765 4266 aquus,
785 4189 868 4262 1111,
892 4186 982 4266 ipim,
1001 4187 1038 4247 ut
1057 4183 1159 4246 falsus
1175 4183 1217 4246 sit
1232 4181 1268 4246 Ο.

91 4288 306 4353 Schneiderus
329 4290 364 4353 in
386 4289 490 4354 indice
505 4289 656 4356 editionis
672 4287 861 4375 Silligianae
884 4292 924 4355 ad
947 4312 1008 4356 ces
1022 4312 1060 4354 ea
1073 4289 1173 4353 verba
1187 4288 1239 4354 ref
1256 4325 1269 4335 -

91 4417 177 4460 rens.
198 4395 260 4459 hoe
283 4396 354 4460 loeo
373 4395 438 4460 iam
457 4396 492 4460 in
509 4395 692 4480 archetypis
709 4396 868 4462 librorum
891 4419 956 4460 non
977 4395 1057 4460 satis
1082 4395 1268 4462 constitisse
