3212 5088
905 355 946 420 28

853 447 886 453 -.
896 447 926 452 ...-
933 445 1004 452 .-.α

336 572 446 616 veram
466 549 659 633 scripturam
681 550 846 614 declarant
867 549 1031 614 variantes
1045 545 1216 614 lectiones:
1231 548 1303 614 inV
1313 552 1363 614 est
1376 549 1510 614 salubris

336 678 437 722 aerem
460 654 560 742 (apud
584 655 746 742 Silligium
770 655 865 743 acri),
895 657 929 720 in
952 655 981 720 R
1008 656 1147 721 fortasse
1175 656 1260 720 idem
1287 656 1406 741 fuerat,
1432 678 1509 718 nam

337 764 525 850 corrigendo
549 763 676 828 demum
692 763 839 828 effectum
864 767 914 828 est
936 766 1034 830 aeris:
1058 785 1095 827 eo
1111 763 1216 828 minus
1241 763 1381 828 dubitari
1404 763 1510 844 debet,

337 871 414 956 quin
437 872 564 936 dativus
590 869 776 935 scribendus
801 870 859 954 sit,
882 874 919 934 ut
941 869 1099 935 XXXVII
1127 869 1190 934 115
1212 871 1280 934 adri
1301 871 1441 934 similem.
1464 906 1509 916 -—

335 978 459 1042 Eodem
483 978 578 1043 modo
608 977 802 1042 correxerim
830 977 939 1041 XXVI
963 979 1004 1042 99
1034 977 1211 1060 tlrclppemm
1237 982 1266 1042 et
1291 997 1509 1058 arrcmpcmu,

335 1107 467 1166 pimrum
496 1105 596 1150 scmeu
624 1085 758 1148 testium
785 1085 885 1149 simile
912 1090 963 1149 cst,
1013 1084 1065 1147 hic
1094 1083 1263 1168 genetivus
1292 1085 1341 1146 est
1376 1083 1411 1146 in
1437 1081 1509 1165 Ra,

336 1191 459 1255 testilim
482 1190 517 1254 in
539 1190 582 1276 V,
615 1191 762 1256 resiliam
785 1190 820 1253 in
843 1190 870 1254 d.
917 1191 1029 1256 cadem
1057 1189 1300 1273 comparatione
1323 1211 1398 1253 usus
1422 1188 1509 1253 infre

336 1295 582 1378 §resumimus
607 1296 685 1361 dicit
708 1299 889 1382 arseucpcui
915 1303 1017 1362 aretem
1040 1318 1139 1362 seuseu
1160 1297 1315 1379 peruirmm
1337 1315 1397 1360 esse
1420 1297 1507 1359 testi-

338 1404 402 1468 bus
423 1404 524 1468 simile
547 1408 579 1468 et
601 1404 699 1488 paulo
725 1426 823 1488 supra
847 1407 866 1485 ξ
890 1405 933 1469 95
956 1402 1009 1490 (de
1033 1404 1164 1470 orchide
1191 1404 1293 1468 herba
1317 1400 1437 1487 agitur)
1457 1423 1507 1484 pc-

336 1513 423 1574 miua
446 1511 548 1575 radice
571 1511 743 1576 testiculis
770 1513 880 1576 simili:
909 1533 1045 1594 quorum
1075 1511 1265 1576 alterutrum
1292 1509 1354 1574 hoc
1382 1530 1506 1592 quoque

334 1617 407 1682 loco
420 1618 650 1702 reponendum
674 1619 748 1703 erit,
772 1617 852 1682 mihi
875 1617 1079 1702 probabilius
1099 1621 1149 1682 est
1172 1617 1327 1699 testiadis,
1351 1615 1506 1697 scriptum

335 1724 475 1788 tortasse
503 1724 737 1788 testiiulisimile.
767 1760 805 1770 -
835 1722 874 1788 In
900 1725 984 1789 libro
1013 1723 1180 1808 XXXVII,
1207 1723 1243 1787 in
1270 1744 1332 1806 quo
1361 1723 1403 1785 64
1432 1723 1508 1784 sunt

337 1829 438 1893 dativi
462 1831 622 1914 exempla,
650 1831 713 1895 hoc
736 1854 836 1895 unum
859 1831 979 1916 legitur
1003 1831 1145 1916 genetivi
1169 1833 1195 1910 ξ’
1215 1829 1277 1894 155
1300 1834 1372 1894 scrut
1394 1833 1422 1892 et
1443 1826 1507 1891 clec-

337 1937 477 2002 louitides
501 1939 696 2003 testudiuum
718 1940 849 2016 similes;
878 1939 934 2002 sed
966 1938 1003 2002 de
1030 1939 1082 2002 his
1106 1938 1213 2002 verbis
1249 1933 1389 1999 dubitari
1417 1933 1508 1996 iubet

337 2042 453 2125 optimi
477 2041 640 2107 codicisB
664 2045 855 2129 auctoritas,
884 2045 938 2128 qui
961 2067 1019 2129 pro
1045 2046 1229 2110 testardiuum
1251 2041 1351 2106 habet
1372 2042 1508 2105 azioma

335 2150 522 2214 testudinum
544 2151 709 2231 superiori,
731 2173 790 2234 pro
816 2173 878 2234 quo
895 2150 1041 2236 Silligius
1064 2151 1226 2216 infelicem
1248 2148 1419 2233 proposuIt
1432 2169 1507 2213 con-

335 2256 492 2320 iecturam
530 2256 694 2322 labrarum.
754 2258 893 2322 maxime
934 2259 1213 2324 accommodatum
1250 2259 1335 2320 esset
1373 2256 1509 2320 cortici

336 2363 521 2428 testudiuum
544 2355 708 2447 simulari,
738 2365 802 2429 nisi
832 2387 851 2429 a
877 2365 996 2429 litteris
1026 2366 1156 2450 longius
1179 2364 1349 2429 recederet.
1373 2399 1413 2408 -
1437 2359 1508 2426 Nec

335 2469 441 2533 minus
469 2469 575 2535 iustae
606 2469 802 2536 dubitationi
831 2471 972 2535 obnoxia
1000 2476 1076 2537 sunt
1102 2473 1202 2536 verba
1224 2469 1318 2534 XXII
1342 2469 1383 2534 56
1411 2474 1454 2534 cst
1481 2474 1509 2532 el

337 2577 494 2640 lotcuietra
516 2598 593 2658 arrae
614 2580 653 2660 (u
674 2599 711 2642 cu
734 2577 792 2642 leto
814 2583 896 2656 sata,
920 2599 954 2642 ac
976 2580 1063 2644 cuius
1086 2581 1198 2645 semiue
1220 2577 1318 2642 simili
1331 2577 1400 2640 mili
1415 2577 1508 2657 putri

335 2683 418 2763 frum
433 2704 533 2764 paues
555 2686 590 2748 iu
613 2684 749 2768 Aepypto
772 2707 793 2748 a
813 2687 1005 2768 pastoribus,
1031 2686 1088 2751 ubi
1111 2685 1141 2750 V
1165 2685 1318 2750 simillimi
1336 2681 1383 2767 ll,
1412 2681 1507 2745 Rsi-

336 2790 476 2868 millime,
501 2789 578 2854 er
601 2791 768 2856 simillima.
815 2792 930 2876 quibus
953 2792 1101 2876 vestIgiis
1130 2790 1275 2855 ducimur
1303 2789 1343 2853 ad
1366 2787 1399 2852 id
1421 2789 1507 2871 quod

337 2895 414 2958 olim
448 2897 616 2981 vulgatum
655 2900 724 2962 erat
760 2900 858 2963 simili
894 2900 990 2964 milia
1040 2921 1235 2983 quamquam
1271 2896 1348 2960 ferri
1384 2895 1507 2978 poterit

337 3001 435 3065 ctiam
459 3003 627 3087 genetivus
645 3026 703 3088 per
727 3004 858 3088 ellipsin
880 3005 1095 3089 explicandus.
1120 3041 1161 3051 -
1185 3002 1309 3068 Eadem
1332 3002 1505 3086 explicatio

333 3106 473 3172 forsitan
500 3109 680 3174 adhibenda
708 3111 752 3175 sit
780 3111 915 3196 ΙΙ147,
944 3112 999 3175 ubi
1027 3111 1113 3175 ferro
1142 3110 1176 3176 iu
1212 3107 1354 3174 Lucania
1384 3108 1506 3192 pluisse

334 3217 499 3281 narratur:
523 3219 637 3300 effipies
660 3216 798 3307 (eorum)
821 3239 899 3301 qliae
915 3219 1002 3300 pluit
1023 3214 1170 3304 (effigiei)
1199 3235 1401 3298 spaupearum
1427 3215 1507 3295 ferri

334 3324 447 3388 similis
473 3326 547 3405 fuit,
575 3347 652 3389 nam
675 3348 733 3391 nec
760 3347 962 3409 spoupearum
985 3346 1043 3389 nec
1068 3325 1147 3406 ferri
1175 3324 1216 3388 ab
1244 3321 1402 3386 adiectivo
1430 3344 1505 3405 pou-

336 3429 409 3494 derc
432 3434 549 3514 potest.
580 3469 622 3479 —
650 3431 775 3496 XXXII
805 3433 867 3496 149
899 3427 1069 3517 (orcynus)
1098 3436 1141 3496 est
1165 3431 1364 3512 pclampalum
1387 3431 1507 3511 perceris

336 3539 504 3621 mammas,
526 3559 621 3620 acque
643 3540 706 3620 ipse
720 3540 799 3604 redit
820 3539 855 3603 iu
869 3539 1033 3622 Maeotim,
1054 3537 1168 3602 similis
1191 3537 1340 3614 tritemi,
1362 3541 1507 3601 uctrstate

222 3655 225 3660 '
336 3645 451 3709 rriclicr.
498 3645 543 3710 sio
565 3644 607 3730 B,
631 3645 665 3708 iu
687 3644 716 3709 R
740 3648 790 3709 est
813 3648 919 3724 tritou,
938 3646 973 3708 in
995 3644 1026 3709 V
1050 3644 1167 3722 tritam,
1190 3643 1228 3706 iu·
1248 3644 1268 3707 d
1292 3645 1370 3708 tritu.
1412 3664 1505 3728 gene-

211 3827 215 3834 ,
335 3751 395 3815 tivi
419 3774 491 3816 cum
514 3752 605 3815 nulla
628 3751 671 3816 sit
695 3775 792 3817 causa
815 3752 944 3836 idonea,
968 3751 1162 3816 correxerim
1186 3751 1314 3814 tritcmc.
1359 3772 1418 3814 nee
1441 3751 1506 3814 alia

335 3879 386 3922 res
419 3861 469 3922 est
500 3857 642 3922 XXXIII
676 3860 731 3944 76,
764 3859 819 3923 ubi
852 3860 890 3922 dc
922 3859 1004 3923 ulice
1037 3859 1168 3943 legitur:
1199 3858 1304 3936 sruleu
1335 3862 1379 3922 est
1408 3858 1506 3921 roris

336 3966 467 4029 mariui
489 3966 614 4043 similis
643 3987 719 4034 uam
742 3966 947 4048 probabilem
970 3965 1112 4050 genetivi
1142 3964 1323 4047 explicandi
1346 3964 1504 4028 rationem

334 4092 401 4134 nou
423 4071 561 4137 invenio.
586 4109 626 4118 -
653 4070 839 4138 Sententiae
862 4072 1060 4136 obscuritate
1088 4072 1240 4136 laborant
1267 4092 1347 4154 quae
1369 4067 1420 4135 ΙΧ
1443 4071 1503 4135 151

336 4178 374 4243 de
396 4178 483 4242 malo
508 4178 647 4263 quodam
671 4179 836 4244 urinantes
864 4179 899 4243 in
925 4180 1007 4244 mari
1034 4179 1209 4244 infestante
1231 4179 1418 4258 narrantur:
1444 4179 1507 4259 ipsi

334 4284 440 4363 ferum
462 4289 490 4350 et
510 4286 620 4352 uectem
640 4287 797 4368 quandam
817 4306 996 4352 crassescere
1018 4307 1110 4370 super
1131 4288 1233 4370 capita
1255 4279 1419 4349 auimali
1433 4283 1506 4366 pla-

335 4411 465 4456 uorum
486 4393 641 4474 piscium
664 4393 807 4474 similem,
824 4399 1012 4477 prementem
1034 4413 1083 4460 ecs
1105 4397 1311 4476 arcentemque
1334 4413 1355 4456 a
1377 4392 1506 4474 recipro-
