3212 5088
23 537 26 554 '
120 527 284 592 rectiones
309 549 390 611 quae
415 528 640 613 significantur
664 525 702 593 a²
730 531 763 592 et
785 525 829 592 F2
851 531 920 592 tam
949 551 1045 613 saepe
1069 531 1200 596 eaedem
1224 537 1299 596 sunt

121 637 182 699 aut
204 634 290 698 inter
313 656 347 698 se
372 634 507 720 similes,
530 638 567 699 ut
589 636 702 720 negari
726 636 856 702 omnino
879 657 946 700 non
968 639 1076 720 queat*
1089 638 1299 722 archetypum
1369 671 1372 676 ·

120 740 264 824 aliquem
288 761 307 804 a
330 742 566 807 correctoribus
591 741 772 806 adhibitum
795 741 970 825 multisque
996 743 1078 809 locis
1102 745 1299 828 exscriptum

120 869 205 912 esse.
251 847 307 912 sed
329 847 433 912 multo
457 847 555 912 latius
579 847 664 912 hunc
687 847 812 913 fontem
835 848 1020 912 manavissc
1040 851 1154 915 statuit
1176 849 1297 917 Detlef-

120 977 234 1039 senus,
263 953 332 1038 qui,
362 953 515 1037 quoniam
546 951 585 1019 a2
609 957 641 1018 et
659 952 703 1018 κῚ2
730 955 891 1020 interdum
922 962 1104 1040 congruunt
1125 959 1298 1042 paulumve

119 1061 320 1126 dissentiunt
342 1041 416 1125 cuin
438 1058 487 1124 D²
510 1063 543 1124 et
565 1058 626 1146 Iti,
648 1062 708 1126 hos
725 1065 833 1126 antem
848 1061 973 1126 codices
989 1085 1099 1129 omnes
1122 1065 1157 1129 in
1172 1063 1298 1131 Galliae

118 1168 255 1254 regione
279 1168 526 1252 septentrionali
550 1171 698 1232 exaratos
719 1189 789 1233 esse
813 1169 885 1233 aliis
910 1171 1110 1254 argumentis
1133 1172 1204 1255 ipse
1227 1195 1298 1256 pern

119 1297 221 1358 quam
243 1274 414 1358 probabile
428 1274 518 1358 fecit,
542 1275 582 1338 ad
606 1275 763 1340 eundem
788 1277 1044 1360 archetypum
1066 1277 1126 1342 hos
1145 1283 1298 1363 quattuor

119 1380 248 1446 codices
272 1385 435 1447 correctos
468 1403 538 1446 esse
569 1381 632 1445 sibi
654 1382 819 1464 persuasit
855 1380 898 1468 (v.
921 1382 1035 1467 philol.
1057 1386 1133 1450 tom.
1155 1385 1298 1451 XXVIII

119 1511 152 1571 p.
178 1485 266 1575 307).
313 1510 411 1572 quare
434 1511 500 1554 non
523 1488 641 1554 mirum
666 1489 751 1572 quod
773 1489 833 1553 has
857 1491 1071 1556 correctiones
1094 1492 1129 1555 in
1152 1492 1297 1558 ordinem

120 1617 219 1678 quem
243 1595 412 1660 constituit
434 1595 649 1659 vetustiorum
673 1594 819 1659 codicum
843 1595 980 1661 adscivit
1007 1597 1110 1680 iisque
1137 1600 1297 1682 principa-

119 1706 194 1766 tum
226 1701 386 1786 quendam
419 1703 453 1766 in
486 1703 567 1767 locis
596 1701 702 1765 dubiis
733 1702 912 1786 adrogavit.
963 1725 1044 1787 quae
1075 1704 1204 1788 quidem
1228 1729 1297 1774 sen·

118 1810 227 1874 tentia
253 1809 315 1873 viri
343 1808 523 1874 doctissimi
551 1807 702 1874 exomni
729 1811 822 1894 parte
849 1831 908 1872 nec
935 1809 1086 1896 redargui
1112 1812 1216 1878 adhuc
1238 1836 1297 1878 nec

120 1918 308 1982 confirmari
335 1921 445 2001 potest
473 1917 536 1981 nisi
565 1917 605 1981 ab
635 1939 672 1980 eo
701 1917 788 2001 ipso,
816 1917 892 2000 quia
918 1918 1014 2001 pauci
1042 1924 1118 1984 srmt
1144 1921 1232 2006 libri,
1263 1922 1297 1986 in

119 2023 240 2108 quibus
265 2025 360 2088 simul
383 2027 416 2088 et
438 2024 575 2088 correcti
600 2026 675 2087 svmt
698 2023 823 2088 codices
839 2025 947 2090 cuncti
969 2028 1002 2090 et
1025 2027 1239 2093 correctiones
1262 2029 1297 2092 in

118 2130 287 2215 publicum
318 2130 438 2216 editae,
466 2131 556 2195 velut
587 2131 621 2194 in
647 2129 731 2194 libro
759 2129 837 2213 VII,
865 2130 922 2194 ubi
951 2131 1106 2197 lectiones
1134 2130 1171 2197 a²
1189 2132 1236 2196 F²
1249 2133 1297 2197 R2

118 2235 246 2321 passim
269 2239 418 2302 enotatas
442 2240 531 2322 srmt,
554 2239 717 2302 corrector
740 2234 788 2300 D²
807 2258 874 2300 ncn
896 2236 983 2300 ultra
1003 2239 1080 2317 §44
1103 2261 1295 2324 progressus

119 2346 188 2428 est,
211 2343 245 2406 in
267 2343 351 2408 libro
366 2342 415 2408 XI
429 2348 552 2427 autem,
575 2342 632 2406 ubi
655 2342 862 2426 potissimum
881 2342 1121 2428 redintegratur
1144 2345 1212 2408 eius
1227 2368 1296 2410 cor-

119 2449 258 2514 rectoris
282 2447 330 2513 Ι)2
353 2450 522 2536 diligentia
545 2452 577 2514 et
600 2449 715 2513 crescit
739 2447 844 2532 magis
869 2449 1037 2534 magisque
1061 2452 1294 2518 correctionum

120 2555 229 2641 copia,
257 2557 291 2620 in
318 2557 493 2622 Parisiensi
522 2579 540 2620 a
557 2556 662 2644 ‚desiit
685 2555 788 2621 altera
815 2576 928 2620 manus
959 2577 1031 2620 cum
1060 2557 1171 2621 eadem
1200 2562 1295 2643 atque

120 2666 219 2728 antea
247 2664 436 2728 assiduitate
465 2662 655 2747 corrigendo
684 2683 816 2744 operam
845 2660 934 2746 dare,
962 2665 995 2726 et
1022 2686 1059 2726 ex
1088 2661 1237 2728 Leidensi
1260 2664 1295 2749 F,

119 2771 177 2854 qui
201 2770 234 2833 in
256 2769 350 2834 libris
374 2769 523 2835 omnibus
547 2768 735 2852 saepissime
759 2767 1007 2833 emendatricem
1030 2791 1162 2834 manum
1185 2793 1295 2854 exper-

118 2881 175 2940 tus
199 2877 261 2960 est,
285 2876 463 2959 scripturae
486 2875 760 2958 discrepantiam
782 2874 963 2940 Detlefseni
986 2876 1126 2942 editione
1139 2899 1206 2944 non
1229 2899 1294 2943 am-

119 2983 209 3066 plius
232 2983 372 3068 margini
395 2969 559 3066 adscripta
588 2985 651 3067 est,
684 2982 852 3066 quietum
879 3005 951 3047 cum
975 2983 1126 3049 volumen
1158 2986 1295 3050 alterum

118 3090 261 3174 parabat
282 3090 426 3154 nondum
448 3092 554 3154 totum
578 3089 768 3153 contulerat.
807 3089 939 3153 interim
959 3091 1138 3174 quaemihi
1157 3091 1199 3155 de
1219 3094 1294 3157 ori-

119 3196 212 3282 gine
236 3196 353 3280 deque
368 3197 610 3260 auctoritate
632 3195 772 3259 harum
787 3197 1070 3260 correctionum
1093 3201 1179 3262 recte
1195 3201 1296 3263 statui

119 3287 296 3368 videantur*
322 3303 349 3367 si
377 3283 589 3386 proposuere,
616 3302 710 3365 nixus
738 3301 778 3364 iis
808 3324 889 3384 quae
913 3301 1016 3366 adhue
1042 3302 1137 3367 nobis
1166 3304 1294 3369 innotu-

119 3413 231 3495 erunt,
253 3432 319 3474 non
342 3431 455 3474 vereor
468 3432 509 3474 ne
532 3410 567 3473 in
588 3409 733 3473 levitatis
753 3408 875 3472 crimen
890 3411 946 3472 aut
967 3429 1086 3490 pravae
1109 3409 1143 3473 in
1158 3412 1293 3476 errando

118 3517 318 3602 pertinaciae
341 3518 512 3581 incurram.

703 3657 721 3756 1'

212 3839 324 3923 ltaque
348 3859 429 3922 quae
453 3860 492 3902 ex
513 3837 606 3901 libris
630 3835 812 3901 VII-XV
836 3835 932 3920 quam
954 3835 1025 3899 fieri
1049 3839 1179 3917 poterat
1203 3858 1293 3902 accu-

119 3944 285 4010 ratissime
317 3945 352 4009 in
383 3942 562 4008 Detlefseni
594 3943 734 4008 editione
766 3943 972 4026 perlustratis
1005 3941 1043 4006 de
1076 3945 1294 4007 correctorum

119 4055 269 4120 locorum
294 4051 476 4135 frequentia
503 4073 540 4115 ae
566 4050 773 4115 multitudine
802 4054 835 4114 et
865 4050 902 4113 de
932 4052 1044 4112 mutua
1072 4071 1183 4114 eorum
1210 4051 1295 4114 inter

121 4183 156 4224 se
182 4156 390 4223 similitudine
415 4157 566 4242 cognosci
588 4161 739 4242 possunt,
762 4179 801 4220 ea
823 4156 858 4220 in
879 4156 1075 4220 tabularum.
1088 4153 1228 4220 formam
1246 4179 1294 4222 re-

120 4267 217 4332 dacta
239 4265 292 4337 ita,
309 4286 504 4348 proponam,
532 4266 569 4326 ut
595 4265 702 4346 priore
725 4286 859 4328 numero
885 4263 1085 4348 significetur
1113 4267 1191 4346 quot
1213 4265 1293 4329 locis

121 4372 243 4461 singuli
260 4371 396 4440 ‘codices
422 4370 551 4440 omnino
566 4423 569 4428 .
585 4371 719 4438 correcti
751 4371 816 4437 sint
839 4371 879 4438 ab
913 4371 1015 4438 altera
1047 4387 1157 4456 manu,
1190 4370 1293 4439 altero
