3212 5088
856 361 1015 458 ,ii-

271 637 275 644 ·
351 554 460 638 aliqua
483 558 548 639 aut,
573 555 601 619 si
624 556 814 622 mutandum
839 557 891 641 sit,
915 556 1018 621 conici
1043 557 1186 640 potuerit
1208 562 1338 622 exeunte
1361 555 1477 646 (duce),
1498 561 1526 624 si
1580 591 1581 606 2

352 663 485 728 ricaudo
508 661 636 743 stipam
656 684 726 726 erim
748 664 800 726 vel
823 663 889 727 tale
913 664 999 747 quid.

440 765 504 831 XII
533 768 596 832 113
625 768 662 831 de
691 768 837 834 balsamo
862 769 895 833 in
917 770 1010 834 libris
1033 770 1191 835 traditum
1215 774 1265 835 est
1285 772 1397 851 fotium
1414 775 1521 853 prori-

351 895 437 937 mam
460 875 564 938 tutari
586 871 648 960 (sic
669 873 744 958 Mn,
767 876 864 939 tabeat
887 898 945 959 pro
970 877 1073 941 tutari
1091 875 1243 964 DPadT).
1262 878 1348 962 quod
1367 899 1438 942 oum
1456 879 1521 941 iarn

351 979 533 1044 Barbarum
557 978 698 1045 Graecos
721 979 828 1044 fontes
852 981 1025 1066 diligenter
1042 984 1214 1046 rimantem
1234 983 1429 1068 offendisset,
1448 985 1521 1066 quia

353 1087 599 1170 Theophrastus
626 1086 657 1151 h.
686 1085 728 1169 pl.
757 1084 803 1149 IX
831 1087 860 1170 6,
891 1087 907 1150 1
933 1089 1060 1166 φύλλον
1084 1092 1119 1153 δὲ
1143 1091 1228 1168 ἔχειν
1252 1090 1365 1168 ὅμοιον
1388 1090 1521 1172 πηγάνῳ

354 1196 387 1257 et
417 1192 626 1258 Dioscorides
659 1191 697 1255 de
725 1194 804 1256 mat.
826 1192 944 1257 medl
970 1197 1008 1258 18
1034 1197 1143 1274 φύλλα
1166 1197 1244 1274 ἔχον
1267 1196 1362 1274 ὅμοια
1387 1196 1521 1278 πηγάνῳ

348 1297 381 1386 (i.
406 1323 432 1363 e.
456 1297 561 1384 rutae)
588 1299 799 1382 tradiderunt,
826 1322 885 1382 pro
914 1301 1018 1367 tutius
1045 1303 1184 1367 correxit
1211 1308 1312 1380 ratae,
1336 1324 1399 1386 qua
1430 1301 1464 1365 in
1489 1324 1521 1364 re
1582 1293 1583 1302 ἶ

351 1429 462 1470 omnes
487 1406 626 1470 editores
649 1406 766 1470 habuit
788 1405 1040 1488 adstipulatores
1063 1429 1163 1491 usque
1188 1409 1228 1472 ad
1251 1407 1374 1491 Ianum,
1401 1408 1463 1490 qui,
1482 1429 1521 1470 ne

351 1514 495 1577 codicum
518 1514 647 1577 litteras
671 1517 739 1576 tam
762 1515 921 1580 violenter
944 1517 1094 1597 mutaret,
1117 1517 1194 1596 post
1214 1515 1327 1594 folium
1344 1515 1520 1594 prroainnuu

349 1620 521 1684 inserenda
543 1621 714 1703 proposuit
736 1626 832 1698 rectae,
853 1621 973 1702 frosclus
989 1624 1161 1706 mocimus.
1185 1644 1267 1706 quae
1291 1622 1419 1704 quidem
1447 1645 1519 1687 con-

349 1727 475 1791 iectura
498 1749 564 1791 non
587 1726 698 1790 debuit
721 1725 908 1792 Detlefseno
932 1728 980 1790 ita
1002 1729 1144 1813 probari,
1162 1731 1199 1792 nt
1218 1728 1252 1790 in
1269 1731 1360 1792 textu
1379 1733 1521 1810 poneret.

349 1833 471 1896 nullius
500 1833 585 1896 enim
612 1831 765 1914 ponderis
793 1832 949 1897 hocloco
974 1837 1024 1898 est
1047 1834 1224 1898 communis
1249 1833 1466 1917 Theophrasti
1491 1841 1522 1897 et

349 1937 551 2003 Dioscoridis
582 1961 654 2003 cum
682 1937 788 2002 Plinio
813 1938 980 2003 dissensio.
1003 1962 1078 2004 nam
1101 1939 1222 2006 Iudaea
1244 1943 1279 2006 in
1301 1941 1519 2005 Romanorum

351 2045 509 2110 dicionem
541 2045 672 2110 redacta
703 2066 776 2109 cum
807 2045 904 2109 fiscus
938 2046 1145 2128 imperatoris
1183 2048 1364 2113 balsamum
1402 2051 1522 2110 sereret

350 2151 385 2236 (ξ
411 2149 488 2238 113)
511 2151 726 2234 venderetque
750 2172 861 2215 sucum
885 2151 953 2215 eius
979 2148 1013 2237 (ᾗ
1039 2150 1125 2239 123),
1148 2153 1324 2218 verisimile
1349 2157 1399 2218 est
1420 2153 1520 2216 fuisse

350 2257 474 2322 Romae
498 2259 551 2342 qui
576 2279 615 2322 ex
637 2257 757 2321 Iudaea
780 2256 912 2321 reduces
937 2259 1169 2324 accuratiorem
1193 2259 1280 2326 illius
1306 2259 1431 2324 arboris
1450 2280 1519 2340 pre-

349 2365 547 2429 tiosissimae
571 2364 792 2448 cognitionem
814 2362 980 2448 haberent,
1005 2386 1024 2427 a
1048 2365 1163 2446 quibus
1187 2368 1290 2429 multa
1312 2366 1410 2429 fando
1434 2386 1520 2429 acce·
1585 2409 1586 2440 r

350 2473 437 2557 pisse
464 2472 604 2556 Plinius,
627 2493 691 2553 qua
718 2473 789 2534 erat
816 2470 1012 2554 curiositate,
1035 2472 1197 2552 putandus
1221 2473 1280 2535 est.
1315 2471 1412 2555 quid?
1437 2470 1519 2556 quod

351 2579 484 2643 dubium
523 2600 589 2642 non
626 2579 691 2660 est,
724 2576 801 2659 quin
832 2575 903 2658 ipse
935 2598 1006 2640 eam
1039 2576 1169 2666 viderit,
1202 2599 1276 2642 cum
1309 2579 1519 2660 imperatores

350 2684 571 2768 Vespasianus
613 2682 814 2765 triumphum
850 2681 1017 2746 Iudaicum
1055 2687 1187 2766 agentes
1233 2683 1305 2748 urbi
1346 2683 1430 2747 hanc
1472 2705 1521 2745 ar-

349 2793 461 2857 borem
499 2791 679 2855 ostendisse
710 2789 797 2853 dicat
830 2785 864 2873 (ξ
900 2787 1001 2875 111)‘2
1033 2789 1113 2852 haec
1137 2793 1254 2874 autem,
1277 2812 1358 2874 quae
1383 2788 1423 2853 ab
1447 2789 1520 2851 aliis
1586 2809 1587 2832 ι

353 2898 520 2962 audiverat
539 2918 682 2981 quaeque
701 2896 771 2978 ipse
790 2896 924 2980 viderat,
942 2894 1035 2959 valde
1055 2895 1181 2960 diversa
1199 2895 1299 2960 fuisse
1319 2897 1359 2960 ab
1374 2896 1424 2978 iis,
1438 2917 1520 2979 quae

351 3008 426 3067 ante
450 3027 523 3068 enm
547 3004 648 3067 relata
667 3005 776 3066 essent
795 3002 833 3065 de
851 3001 1009 3086 balsamo,
1026 3001 1189 3065 luculento
1209 3001 1328 3067 indicio
1348 3003 1423 3066 sunt
1440 3001 1521 3064 haec

350 3111 465 3175 verba:
488 3113 523 3174 ia
547 3115 642 3173 toireio
665 3109 732 3172 ulia
753 3114 870 3172 notura
892 3129 987 3188 quiam
1009 3108 1108 3171 nostri
1130 3109 1302 3190 exieratque
1318 3109 1522 3190 prodiderunt

351 3214 385 3302 (ξ
412 3213 530 3303 112).4)
554 3215 630 3298 quid
653 3215 754 3298 igitur
776 3215 903 3297 mirum,
927 3213 1012 3298 quod
1034 3212 1158 3278 Plinius
1182 3236 1248 3278 non
1270 3216 1397 3278 tanturn
1415 3213 1519 3277 multo

350 3397 524 3404 ..——...-.-
541 3397 561 3404 -α

422 3500 443 3570 ⁴)
462 3501 602 3557 Eateraos
620 3499 697 3555 haud
715 3497 798 3554 dubie
817 3495 958 3568 intellegit
976 3497 1200 3568 Theophrastum
1219 3501 1248 3552 et
1261 3495 1309 3566 qui
1322 3515 1387 3551 eum
1401 3491 1519 3564 exscrip-

351 3593 445 3645 serunt
471 3591 530 3659 (cfr.
555 3590 656 3644 Strabo
679 3589 744 3642 XVI
767 3596 791 3655 2,
816 3592 869 3656 41),
892 3593 997 3642 nostros
1022 3587 1147 3640 Sextium
1169 3586 1289 3656 Nigrum
1308 3587 1337 3640 et
1355 3584 1520 3653 Pompeium

350 3679 481 3749 Trogum,
502 3696 535 3733 cx
554 3697 607 3747 quo
627 3679 748 3732 lustinus
767 3676 885 3730 XXXVI
904 3684 919 3729 2
940 3693 991 3729 sua
1009 3678 1151 3730 mutuatus
1167 3676 1217 3742 est,
1233 3691 1403 3742 quamquam
1418 3671 1518 3726 mirum

349 3768 438 3822 videri
461 3767 554 3834 debet,
579 3768 653 3835 quod
676 3767 750 3836 apud
774 3767 849 3819 hune
867 3783 977 3833 quoque
995 3765 1100 3834 legitur
1118 3767 1150 3818 ia
1168 3767 1309 3818 siricorum
1327 3777 1424 3815 morem
1444 3777 1520 3815 ereo-

350 3860 453 3924 laatur‚
475 3875 537 3911 oum
556 3856 663 3910 Plinius
683 3856 829 3909 adseveret
848 3859 863 3917 ξ
884 3861 947 3908 112:
966 3855 1097 3908 caelicolis
1115 3856 1168 3906 seri
1186 3853 1284 3906 didicit
1302 3867 1408 3918 nuper
1425 3851 1519 3903 cinctu

350 3952 381 4000 ut
398 3948 472 4011 uitia,
491 3952 515 3999 et
533 3948 619 4013 inplet
637 3946 715 3999 colles
733 3946 877 3998 vinearum
895 3946 981 3998 modo.
1000 3943 1225 4012 Theophrastum
1244 3941 1338 3993 autem
1356 3939 1449 4008 ipsum
1462 3957 1519 3994 uon

350 4034 524 4104 conspexisse
552 4034 724 4100 balsamum,
751 4033 839 4086 totius
866 4031 1035 4086 narrationis
1062 4031 1152 4084 forma
1174 4029 1268 4098 prodit
1290 4046 1324 4081 ex
1345 4028 1430 4082 verbo
1453 4029 1520 4095 φαεί

349 4124 424 4193 apta,
448 4126 476 4177 et
499 4124 573 4191 quod
595 4122 772 4176 Dioscorides
796 4122 830 4176 de
852 4121 887 4174 iis
910 4139 980 4190 quae
1005 4120 1041 4174 ad
1063 4137 1122 4172 rem
1145 4117 1303 4171 herbariam
1326 4117 1455 4186 spectant
1473 4115 1521 4170 vin

348 4213 430 4282 plura
448 4215 638 4266 conmemorat
656 4230 739 4280 quarn
759 4229 829 4278 quae
848 4211 905 4263 iam
925 4209 1001 4278 apud
1014 4208 1239 4276 Theophrastum
1252 4205 1436 4274 reperiuntur,
1450 4203 1522 4258 facit

348 4303 381 4354 nt
399 4301 529 4354 credatur
546 4318 581 4353 ne
599 4299 692 4369 ipsum
711 4298 824 4367 quidem
842 4297 944 4352 vidisse
963 4298 1036 4350 hanc
1055 4295 1183 4348 arborem
1202 4297 1314 4363 etopus
1329 4311 1409 4346 suum
1424 4291 1521 4346 eondi-

349 4389 431 4456 disse,
455 4391 635 4456 antequam
658 4387 824 4457 Vespasiani
846 4387 1020 4456 triumphum
1044 4385 1187 4438 Iudaicum
1212 4386 1335 4452 agerent.
1358 4397 1429 4448 quae
1452 4398 1520 4434 vero
