3212 5088
667 365 714 428 til

608 455 766 464 -—--—--—-

96 562 202 627 ridem
224 561 398 628 habuimus
414 560 587 627 adiutores.
618 560 706 624 haud
729 560 823 624 aliter
842 557 1058 644 Theophrasti
1078 557 1270 622 auctoritate

95 669 179 733 XIII
196 671 259 734 110
282 671 445 734 corrector
467 666 513 733 I)2
534 669 678 734 levitatis
702 668 898 752 coarguitur.
931 665 1052 745 editum
1076 667 1125 728 est
1149 685 1168 728 a
1191 663 1269 727 Iano

96 776 275 841 secundum
292 774 378 840 MdT
397 777 430 839 et
449 798 469 838 a
488 772 556 862 (qui
575 795 591 840 s
608 775 719 839 littera
732 775 783 838 bis
803 774 925 857 scripta
938 775 991 838 sed
1003 773 1131 838 crudum
1144 769 1270 855 habet):

93 884 233 948 radicem
266 883 340 951 lotos
370 881 479 946 lubet.
496 932 524 946 ..
551 882 683 946 interius
711 881 878 945 candidum
906 899 1022 961 corsus,
1048 883 1173 961 oratum
1196 877 1271 940 cibis

95 993 128 1052 ct
154 987 199 1074 (h.
228 1010 253 1053 e.
273 985 385 1076 etiam)
408 990 546 1066 undum,
566 989 689 1071 oratius
711 989 863 1052 decoctum
885 987 948 1052 siue
969 1007 1052 1067 aqeeu
1074 986 1137 1050 siue
1155 1005 1270 1066 melreo,

95 1117 182 1180 quae
205 1094 394 1180 planissime
417 1097 601 1181 congruunt
624 1117 698 1158 cum
720 1094 882 1178 Theophr.
904 1092 936 1158 h.
959 1093 1003 1176 pl.
1025 1092 1072 1156 IV
1101 1094 1121 1157 8
1154 1092 1206 1156 11:
1232 1092 1270 1154 τὸ

96 1204 135 1265 δὲ
163 1203 256 1266 ἐντὸς
287 1201 471 1280 λευκόν,...
501 1201 665 1266 {celerer
694 1203 733 1264 δὲ
763 1202 823 1264 καὶ
851 1199 940 1279 ὠμή,
970 1199 1077 1278 dolen]
1106 1201 1141 1263 δὲ
1165 1200 1270 1282 ἐντῷ
1338 1250 1341 1256 .

95 1308 191 1372 ὕδατι
221 1308 309 1387 ἑφθὴ·
336 1310 386 1372 καὶ
417 1309 508 1387 ὀπτή.
540 1309 573 1371 in
601 1307 824 1394 Dlegcbatur
856 1309 893 1372 cd
914 1308 1044 1372 crudum
1066 1306 1129 1371 levi
1152 1327 1270 1389 errore,

96 1414 155 1478 sed
178 1413 282 1478 bonus
307 1413 362 1477 ille
386 1418 558 1499 corrector,
582 1418 619 1479 ut
642 1415 799 1480 orationis
819 1414 1000 1500 elegantiae
1020 1413 1210 1496 consuleret,
1230 1411 1268 1474 de

94 1519 228 1604 ingenio
248 1522 401 1586 mutavit
430 1527 556 1604 oratum
588 1522 662 1586 cibis
691 1523 826 1606 undrim,
856 1523 910 1586 scd
936 1522 1058 1604 oratius
1091 1522 1159 1604 cet,
1184 1518 1269 1603 quod

96 1625 307 1690 Detlefsenus
326 1628 468 1712 recipere
490 1651 556 1694 non
579 1628 725 1694 debebat.

189 1731 307 1797 Levius
331 1737 381 1798 cst
405 1735 595 1820 exemplum,
620 1736 759 1802 sednon
779 1737 884 1801 minus
904 1735 1111 1800 manifestum
1130 1732 1177 1796 XI
1196 1732 1270 1817 254,

96 1840 155 1904 ubi
170 1839 267 1904 Ianus
288 1861 326 1902 ex
344 1838 430 1904 Mlta
448 1843 535 1904 recte
555 1840 707 1926 ediderat,
727 1865 881 1927 spernens
903 1843 1072 1928 vulgatam
1087 1841 1271 1924 lectionem,

97 1967 198 2029 quam
212 1949 327 2029 postea
342 1945 450 2011 codice
460 1943 505 2010 Ι)2
516 1947 655 2012 confisus
671 1947 877 2014 Detlefsenus
893 1948 1140 2034 redintegravit:
1158 1947 1271 2012 corrrelo

98 2053 158 2117 toli
179 2053 294 2117 siuules
317 2053 436 2118 behold
456 2054 511 2117 sed
531 2055 663 2118 minores
680 2056 787 2136 poulo.
810 2061 854 2120 est
875 2058 957 2120 euim
980 2055 1141 2121 bisulcum
1163 2053 1271 2118 ddseri·

97 2160 182 2223 mine
204 2159 319 2242 miquo,
337 2180 393 2241 pes
416 2161 451 2223 iu
473 2161 596 2242 sesdqio
618 2181 765 2226 carnosus
788 2165 857 2246 cet,
880 2184 955 2225 nam
980 2165 1100 2245 aperte,
1123 2160 1270 2245 quamvis

96 2265 316 2350 neglegenter,
340 2267 519 2350 exscriptus
543 2269 594 2330 est
617 2265 820 2352 Aristoteles,
840 2268 895 2353 qui
913 2268 944 2332 h.
964 2290 991 2331 a.
1009 2266 1043 2330 II
1064 2269 1079 2330 1
1101 2290 1132 2350 p.
1151 2267 1216 2330 499
1231 2265 1270 2350 Α,

100 2373 146 2436 22
170 2393 216 2456 sq.
236 2372 274 2436 de
298 2372 421 2436 camelo
445 2371 558 2435 refert:
581 2374 631 2436 καὶ
651 2373 853 2452 ἀετράγαλον
871 2373 985 2452 ὅμοιον
1004 2376 1062 2452 μὲν
1083 2376 1142 2454 Boi,
1163 2373 1271 2452 ἰεχνὸν

97 2482 134 2543 δὲ
151 2480 201 2544 καὶ
215 2481 325 2558 μικρὸν
345 2479 389 2542 ὼ(
404 2480 483 2543 κατὰ
498 2481 535 2542 τὸ
551 2479 691 2557 μέγεθος.
721 2480 796 2544 {cri
821 2483 863 2545 δὲ
888 2465 1047 2560 δῖχαλὸν
1071 2481 1122 2544 καὶ
1137 2480 1196 2543 οὐκ
1212 2477 1269 2557 ἄμ-

97 2591 223 2666 φωδον,
251 2589 385 2665 διχαλὸν
414 2589 448 2650 δὲ
481 2583 554 2650 ὧδε·
583 2586 617 2650 ἐκ
641 2589 698 2664 μὲν
722 2591 780 2650 τοῦ
804 2586 933 2653 ὄπιεθεν
957 2587 1067 2665 μικρὸν
1091 2585 1224 2664 dexteros
1240 2636 1267 2648 ..

97 2692 117 2756 ὁ
143 2693 178 2755 δὲ
202 2692 283 2756 πού(
306 2693 369 2756 dtu
389 2692 533 2758 κάτωθεν
552 2692 715 2770 <dordone
735 2695 793 2756 cet.
813 2695 846 2757 et
866 2693 1016 2757 similiter
1029 2692 1154 2757 Plinius
1172 2692 1270 2775 paulo

96 2797 185 2862 infra
213 2801 232 2878 ξ
256 2797 322 2863 255
349 2797 433 2863 dixit
459 2799 616 2862 unicorne
642 2799 751 2863 aeduus
779 2799 917 2864 Iudicis.
945 2801 1099 2864 linteoruc
1127 2804 1156 2864 et
1178 2798 1270 2864 blsul-

97 2926 182 2970 curu
209 2926 293 2987 uua.
321 2906 420 2970 etiam
448 2905 482 2970 in
504 2903 534 2968 D
559 2907 644 2968 recte
673 2909 742 2968 erat
769 2906 945 2990 bisulcum,
975 2909 1138 2972 corrector
1162 2908 1270 2969 autem

98 3015 214 3094 suapte
242 3010 343 3076 fretus
373 3011 552 3096 sagacitate
579 3009 796 3096 praepropere
829 3012 969 3077 mutavit
1000 3013 1162 3096 bisulcae,
1186 3011 1270 3095 quod

100 3117 144 3182 ad
160 3140 216 3200 pes
239 3119 348 3201 inepte
371 3117 476 3182 voluit
498 3118 622 3183 referri.

190 3223 295 3300 Quare
315 3246 387 3289 cum
406 3225 596 3290 correctoris
615 3226 747 3302 licentia
767 3227 895 3311 saepius
911 3227 1085 3310 genuinam
1098 3226 1270 3290 lectionem

101 3329 317 3395 adulteratam
348 3353 417 3394 esse
449 3329 624 3414 videamus,
654 3352 759 3396 meam
790 3353 850 3416 ego
884 3333 1110 3396 adsensionem
1132 3330 1268 3396 cohibeo

99 3435 180 3500 XIV
206 3437 278 3519 149,
300 3436 356 3500 ubi
379 3440 492 3501 contra
515 3436 550 3500 M
574 3440 816 3522 ceterorumque
839 3439 996 3503 librorum
1020 3438 1208 3502 testimonia
1232 3460 1270 3502 ex

99 3540 383 3626 s010D2recepit
404 3565 542 3625 perure
571 3544 606 3606 in
633 3544 741 3609 verbis
769 3545 837 3618 his:
864 3551 898 3609 ut
920 3545 1068 3610 Hercules
1096 3545 1160 3610 illio
1184 3545 1271 3609 tellus
1368 3583 1373 3596 ·

94 3651 202 3732 fruges
225 3670 360 3732 parere
386 3649 553 3733 uidebatur,
581 3650 697 3733 quibus
721 3650 845 3714 Plinius
874 3650 1038 3733 vituperat
1066 3649 1152 3735 quod
1180 3649 1270 3714 nulla

98 3758 134 3820 in
156 3759 248 3838 parte
272 3755 382 3820 mundi
406 3759 511 3820 cesset
531 3757 670 3821 ebrietas
690 3757 775 3820 etin
794 3756 948 3844 Aegypto
968 3756 1066 3819 etiam
1087 3777 1103 3818 e
1122 3755 1269 3839 frugibus

98 3866 197 3946 potus
234 3862 431 3926 inebriantes
464 3863 685 3927 conficiantur.
722 3861 797 3927 huic
830 3859 1008 3926 sententiae
1041 3884 1097 3926 cur
1123 3864 1270 3944 pariendi

97 3968 190 4034 notio
215 3970 292 4052 apta
315 3989 381 4031 non
405 3968 457 4053 sit,
481 3968 536 4032 sed
558 3970 740 4034 necessario
764 3970 947 4052 postuletur
964 3970 1104 4052 parandi
1126 3970 1269 4055 verbum,

97 4077 195 4160 plane
228 4075 353 4161 ignoro,
384 4097 443 4141 nec
476 4098 558 4159 opus
592 4080 642 4141 est
673 4076 828 4160 exemplis
856 4076 1029 4161 illustrare,
1053 4097 1149 4160 quam
1174 4098 1269 4159 saepe

97 4182 196 4245 tellus
224 4182 275 4246 vcl
303 4186 390 4246 terra
417 4184 468 4246 vel
497 4186 615 4247 natura
638 4205 744 4247 rerum
772 4205 907 4266 parere
932 4183 1000 4247 sive
1023 4183 1189 4267 gignere
1213 4186 1270 4246 aut

98 4289 199 4351 etiam
223 4287 343 4352 effeta
366 4310 436 4352 esse
455 4288 588 4354 dicatur.
612 4289 691 4353 item
710 4289 851 4373 reliquos
870 4289 971 4353 libros
992 4290 1082 4372 sequi
1100 4289 1268 4355 maluerim

97 4393 162 4458 VII
189 4395 228 4458 16
252 4398 285 4457 et
308 4395 360 4477 27,
382 4396 438 4494 ubi
463 4399 625 4460 corrector
648 4396 767 4460 codicis
786 4394 816 4459 D
835 4400 965 4478 praeter
982 4396 1210 4460 necessitatem
1226 4433 1267 4442 -

1020 4499 1057 4552 ὓ*
1170 4525 1171 4529 ,
