3212 5088
951 313 993 378 86

892 405 958 412 ...ω
975 403 1052 412 .-...-

386 510 616 594 Delecampius
639 509 779 576 correxit
801 507 936 575 machao.
974 507 1030 572 sed
1054 507 1320 592 acquiescendum
1344 508 1406 572 erit
1428 509 1461 572 in
1484 509 1548 571 reli-
1579 501 1580 596 ᾗ

387 640 522 701 quorum
550 617 709 684 librorum
737 616 899 701 scriptura
926 616 1090 680 baccarum
1117 615 1218 692 sirrrrs,
1248 637 1312 698 qua
1335 617 1410 699 apte
1434 615 1548 699 signifi-
1579 617 1580 650 r

386 727 501 788 cantur
529 724 669 789 conchae
697 722 816 806 puppis
845 725 878 786 et
909 743 1008 805 prora
1037 742 1135 786 cavae
1168 723 1201 784 et
1227 720 1332 785 ventis
1360 720 1549 805 excipiendis
1579 735 1580 740 ’

386 832 534 915 idoneae,
559 853 618 897 nee
642 830 801 896 inusitata
824 833 874 893 est
895 827 1001 892 Plinio
1015 827 1106 892 «haec
1128 827 1264 912 locutio,
1292 850 1386 912 quae,
1410 829 1550 912 quamvis

386 938 451 1004 alio
476 959 587 1022 sensu,
616 937 777 1022 reperitur
799 936 898 1002 etiam
921 933 967 998 XI
994 935 1065 998 173.
1116 953 1311 1018 quamquam
1337 955 1404 998 non
1433 933 1550 1016 suppri-

385 1067 473 1110 mam
497 1044 625 1109 silentio
651 1066 748 1127 quam
776 1041 891 1108 tollere
914 1061 980 1106 non
1003 1038 1095 1124 potui
1124 1038 1273 1104 obortam
1296 1040 1377 1105 mihi
1401 1040 1550 1124 suspicio·

385 1173 468 1216 nem.
513 1173 604 1233 nam,
627 1173 667 1216 ne
690 1150 827 1214 nimium
850 1147 992 1211 tribuam
1009 1146 1171 1227 pandendi
1193 1147 1307 1230 verbo,
1335 1145 1421 1230 quod
1442 1167 1550 1228 parum

385 1257 557 1322 convenire
580 1257 722 1322 conchae
736 1255 883 1320 videatur
906 1251 1062 1316 materiae
1085 1251 1198 1316 firmae
1222 1254 1396 1338 duraeque,
1419 1253 1452 1318 in
1468 1251 1551 1315 navi·
1580 1275 1581 1336 p

385 1363 492 1448 gando
516 1365 626 1446 partes
649 1362 769 1428 rectius
792 1361 841 1425 ita
864 1357 1037 1423 credideris
1061 1357 1253 1424 distributas
1276 1381 1360 1444 esse,
1383 1361 1419 1424 ut
1435 1358 1551 1423 coneha
1580 1361 1581 1390 ³

383 1491 444 1552 pro
471 1467 619 1534 vehiculo
649 1469 692 1532 sit
720 1471 751 1532 et
783 1466 897 1548 ferat,
929 1463 1080 1547 nauplius
1108 1464 1287 1530 vehentis
1320 1471 1353 1530 et
1384 1465 1551 1551 regentis

385 1596 514 1641 munere
542 1574 711 1660 fungatur3
739 1575 889 1655 neutrum
918 1572 1001 1634 enim
1032 1570 1153 1636 animal
1181 1570 1249 1664 sine
1277 1572 1409 1637 alterius
1436 1569 1551 1636 aurilio

384 1681 605 1767 navigationis
630 1677 1018 1764 voluptatem-percipere
1042 1699 1139 1760 posse
1163 1681 1310 1761 apparet:
1343 1675 1466 1744 concha
1489 1679 1552 1743 sine

383 1787 516 1872 nauplio
540 1809 606 1852 non
629 1787 771 1869 vehitur,
798 1783 949 1866 nauplius
978 1782 1047 1848 sine
1075 1784 1198 1848 concha
1224 1806 1291 1850 non
1317 1784 1429 1850 fertur.
1473 1806 1551 1848 nune

383 1914 460 1957 vero
489 1893 612 1958 coneha
641 1894 741 1957 etiam
768 1913 828 1975 pro
856 1912 890 1954 se
915 1889 986 1954 sola
1012 1889 1187 1955 buccarum
1211 1889 1283 1956 sinu
1310 1891 1415 1956 ventis
1444 1891 1550 1956 inflato

383 1999 455 2066 loeo
479 2000 603 2064 moveri
621 1999 757 2082 vehique
781 1997 913 2080 dicitur,
936 1994 1069 2078 nauplio
1092 1995 1174 2058 nihil
1198 1995 1286 2061 aliud
1300 1997 1438 2081 relinqui
1462 2019 1551 2082 quam

384 2109 420 2170 ut
449 2109 551 2192 regat.
605 2105 713 2190 itaque
748 2103 854 2188 magis
884 2101 1039 2185 arrideat,
1081 2101 1109 2166 si
1135 2099 1273 2187 nauplii,
1310 2124 1376 2166 non
1407 2104 1551 2186 conchae,

383 2212 530 2277 membra
566 2211 747 2277 indicentur
783 2213 816 2274 et
852 2209 1062 2274 bracchiorum
1097 2210 1185 2272 siras
1217 2205 1337 2272 dictum
1376 2209 1432 2294 sit,
1468 2211 1550 2275 velut
1581 2193 1582 2198 ἵ

382 2318 561 2384 Aristotele
586 2321 716 2383 auctore
739 2317 770 2396 h.
795 2337 822 2381 a.
845 2313 892 2380 IX
916 2315 957 2379 37
982 2337 1013 2398 p.
1037 2315 1101 2378 622
1121 2313 1158 2399 B,
1182 2315 1201 2378 9
1221 2312 1345 2380 Plinius
1364 2317 1462 2400 paulo
1482 2321 1549 2382 ante

383 2427 403 2506 ξ
426 2427 467 2490 88
491 2425 651 2492 nautilum
673 2427 787 2493 narrat
810 2422 872 2488 duo
895 2419 1048 2486 bracchia
1070 2423 1257 2505 retorquere
1280 2425 1314 2487 et
1335 2423 1549 2489 membranam

383 2532 466 2597 inter
489 2532 547 2596 illa
569 2532 670 2596 mirae
690 2529 864 2594 deunitatis
888 2529 1034 2595 velorum
1057 2527 1163 2591 instar
1186 2527 1364 2595 extendere.
1395 2533 1465 2594 tum
1489 2531 1549 2614 qui-

384 2639 454 2702 dem
483 2639 714 2722 pronominum
741 2636 833 2700 baias
862 2638 895 2700 et
922 2635 1021 2718 illias,
1049 2654 1131 2717 quae
1159 2633 1244 2698 inter
1273 2657 1306 2699 se
1335 2635 1485 2702 confundi
1513 2638 1549 2701 ob

382 2745 565 2810 litterarum
599 2742 845 2808 similitudinem
879 2739 974 2805 facile
1002 2742 1170 2825 poterant,
1206 2762 1337 2807 necesse
1368 2746 1420 2808 est
1449 2744 1549 2807 sedern

383 2852 511 2918 mutari.
558 2851 613 2916 sed
639 2851 720 2915 haec
747 2848 857 2933 putari
879 2845 977 2912 velim
1000 2868 1066 2910 non
1095 2847 1162 2911 sine
1186 2847 1392 2914 cunctatione
1419 2849 1549 2933 prolata.
1582 2845 1583 2892 l

471 2957 617 3022 Eandem
655 2955 890 3021 dubitationem
921 2952 1023 3017 habet
1055 2953 1140 3035 quod
1168 2951 1214 3016 IX
1250 2956 1290 3020 13
1324 2960 1489 3023 corrector
1522 2952 1549 3019 a²

382 3064 493 3147 posuit
520 3067 554 3128 et
583 3063 738 3130 meditato
772 3053 911 3146 quodam
942 3059 1067 3125 dicendi
1097 3060 1244 3126 acumine
1280 3060 1388 3126 allecti
1416 3063 1548 3128 editores

383 3173 459 3254 post
492 3169 655 3256 Silligium
688 3190 799 3233 omnes
832 3168 1052 3252 probaverunt
1074 3167 1240 3252 defendere,
1262 3189 1343 3233 oum.
1359 3170 1456 3234 ceteri
1480 3170 1548 3234 libri

384 3274 497 3362 (etiam
521 3274 564 3362 R)
588 3275 767 3360 praebeant
785 3275 957 3356 aereaere,
977 3273 997 3336 d
1020 3273 1200 3353 diffundere.
1224 3273 1446 3340 ballaenarum
1464 3297 1548 3340 enar·

381 3386 471 3448 ratur
503 3404 575 3447 cum
611 3383 694 3448 orcis
734 3384 911 3463 certamen,
943 3381 978 3444 in
1010 3402 1072 3464 quo
1105 3380 1180 3444 illae
1213 3402 1362 3446 orcarum
1394 3383 1548 3447 morsibus

381 3490 568 3574 infestatae,
600 3511 671 3553 eum
699 3488 872 3570 prohibere
894 3487 1007 3552 hostes
1030 3507 1096 3551 non
1118 3486 1255 3572 possint⁷
1278 3488 1377 3552 solam
1399 3491 1549 3554 auriliana

384 3617 489 3660 rroaere
519 3597 551 3660 irr
578 3596 677 3660 altera
698 3594 862 3677 proscipere
889 3598 918 3659 et
940 3615 971 3658 se
994 3598 1053 3659 toto
1076 3594 1271 3675 defendere
1293 3615 1411 3660 meare.
1447 3602 1548 3662 eorrtra

382 3723 468 3767 orcae
499 3723 653 3767 aaarrere
685 3702 827 3766 laboraret
856 3721 974 3782 seseque
1004 3721 1152 3784 opportere
1179 3705 1208 3765 et
1233 3707 1372 3767 caveatas
1402 3704 1549 3787 capreriis

384 3809 547 3894 trrrcr'dare,
570 3810 605 3874 r'rr
627 3809 708 3874 rada
730 3827 869 3890 arprrere,
891 3808 977 3872 sonis
995 3807 1132 3872 inlidere.
1168 3829 1236 3872 non
1254 3829 1388 3891 possum
1407 3809 1547 3892 equidem

381 3915 488 3980 facere
531 3913 608 3998 quin
648 3913 821 3994 diffundere
857 3914 962 4002 magis
1001 3913 1187 3997 appositum
1225 3913 1265 3978 ad
1299 3914 1347 3979 rei
1383 3915 1547 3982 veritatem

382 4020 518 4103 ideoque
552 4019 840 4086 commendabilius
874 4020 1057 4085 existimem
1091 4040 1187 4104 quam
1210 4021 1395 4104 quaesitum
1418 4021 1497 4086 illud
1520 4025 1547 4084 et

378 4127 527 4213 argutius
551 4148 648 4210 quarn
671 4127 800 4211 planius
824 4128 945 4192 dictum
968 4128 1133 4208 defendere.
1170 4127 1312 4213 dispergi
1332 4128 1418 4192 enim
1437 4128 1546 4192 diffun-

380 4233 475 4318 dique
494 4233 665 4317 aptissima
684 4236 734 4298 est
752 4232 958 4319 profugiendi
978 4234 1179 4312 continuatio
1199 4237 1232 4300 et
1244 4233 1384 4298 maxime
1404 4234 1547 4320 congruit

381 4362 452 4404 eum
484 4340 525 4405 iis
558 4363 639 4425 quae
670 4341 893 4426 insequuntur,
926 4363 998 4405 cum
1027 4363 1121 4407 orcae
1149 4340 1181 4404 id
1208 4340 1417 4424 potissimum
1440 4363 1547 4406 carere
