<?xml version="1.0" encoding="UTF-8"?>
<!DOCTYPE html PUBLIC "-//W3C//DTD XHTML 1.0 Transitional//EN"
    "http://www.w3.org/TR/xhtml1/DTD/xhtml1-transitional.dtd">
<html xmlns="http://www.w3.org/1999/xhtml" xml:lang="en" lang="en">
 <head>
  <title>
</title>
<meta http-equiv="Content-Type" content="text/html;charset=utf-8" />
  <meta name='ocr-system' content='tesseract 3.04.00' />
  <meta name='ocr-capabilities' content='ocr_page ocr_carea ocr_par ocr_line ocrx_word'/>
</head>
<body>
  <div class='ocr_page' id='page_1' title='image "./novaelucubratio00mayhgoog_0104.png"; bbox 0 0 3212 5088; ppageno 0'>
   <div class='ocr_carea' id='block_1_1' title="bbox 560 323 718 422">
    <p class='ocr_par' dir='ltr' id='par_1_1' title="bbox 560 323 718 422">
     <span class='ocr_line' id='line_1_1' title="bbox 560 323 718 422; baseline 0 -1"><span class='ocrx_word' id='word_1_1' title='bbox 560 415 602 422; x_wconf 26' lang='grc'>1,</span> <span class='ocrx_word' id='word_1_2' title='bbox 617 323 677 422; x_wconf 64' lang='lat' dir='ltr'>li..</span> <span class='ocrx_word' id='word_1_3' title='bbox 704 416 718 422; x_wconf 17' lang='grc' dir='ltr'><strong>ἡ</strong></span> 
     </span>
    </p>
   </div>
   <div class='ocr_carea' id='block_1_2' title="bbox 5 517 1226 3895">
    <p class='ocr_par' dir='ltr' id='par_1_2' title="bbox 5 517 1226 3895">
     <span class='ocr_line' id='line_1_2' title="bbox 59 517 1222 606; baseline -0.003 -22"><span class='ocrx_word' id='word_1_4' title='bbox 59 521 240 606; x_wconf 88' lang='lat' dir='ltr'>Ducangius</span> <span class='ocrx_word' id='word_1_5' title='bbox 265 521 415 586; x_wconf 78' lang='lat' dir='ltr'>adfirmat</span> <span class='ocrx_word' id='word_1_6' title='bbox 445 520 507 584; x_wconf 89' lang='lat' dir='ltr'>hoe</span> <span class='ocrx_word' id='word_1_7' title='bbox 536 519 729 584; x_wconf 84' lang='lat' dir='ltr'>vocabulum</span> <span class='ocrx_word' id='word_1_8' title='bbox 761 517 826 582; x_wconf 89' lang='lat' dir='ltr'>illis</span> <span class='ocrx_word' id='word_1_9' title='bbox 858 517 1059 601; x_wconf 78' lang='lat' dir='ltr'>temporibus</span> <span class='ocrx_word' id='word_1_10' title='bbox 1093 517 1222 600; x_wconf 86' lang='lat' dir='ltr'>saepius</span> 
     </span>
     <span class='ocr_line' id='line_1_3' title="bbox 59 624 1223 710; baseline -0.001 -22"><span class='ocrx_word' id='word_1_11' title='bbox 59 630 245 710; x_wconf 85' lang='lat' dir='ltr'>usurpatum</span> <span class='ocrx_word' id='word_1_12' title='bbox 267 649 337 691; x_wconf 89' lang='lat' dir='ltr'>esse</span> <span class='ocrx_word' id='word_1_13' title='bbox 360 649 419 710; x_wconf 92' lang='lat' dir='ltr'>pro</span> <span class='ocrx_word' id='word_1_14' title='bbox 444 625 589 710; x_wconf 87' lang='lat' dir='ltr'>‘indicio,</span> <span class='ocrx_word' id='word_1_15' title='bbox 617 624 832 709; x_wconf 88' lang='lat' dir='ltr'>probatione&#39;.</span> <span class='ocrx_word' id='word_1_16' title='bbox 882 624 1062 708; x_wconf 91' lang='lat' dir='ltr'>quodcum</span> <span class='ocrx_word' id='word_1_17' title='bbox 1091 624 1223 688; x_wconf 87' lang='lat' dir='ltr'>notissi-</span> 
     </span>
     <span class='ocr_line' id='line_1_4' title="bbox 59 729 1223 815; baseline -0.003 -19"><span class='ocrx_word' id='word_1_18' title='bbox 59 755 141 796; x_wconf 91' lang='lat' dir='ltr'>mum</span> <span class='ocrx_word' id='word_1_19' title='bbox 165 736 251 798; x_wconf 85' lang='lat' dir='ltr'>esset</span> <span class='ocrx_word' id='word_1_20' title='bbox 273 733 398 798; x_wconf 91' lang='lat' dir='ltr'>homini</span> <span class='ocrx_word' id='word_1_21' title='bbox 421 733 515 796; x_wconf 89' lang='lat' dir='ltr'>docto</span> <span class='ocrx_word' id='word_1_22' title='bbox 539 731 636 795; x_wconf 90' lang='lat' dir='ltr'>medii</span> <span class='ocrx_word' id='word_1_23' title='bbox 660 731 744 815; x_wconf 89' lang='lat' dir='ltr'>aevi,</span> <span class='ocrx_word' id='word_1_24' title='bbox 767 730 849 794; x_wconf 83' lang='lat' dir='ltr'><strong>nihil</strong></span> <span class='ocrx_word' id='word_1_25' title='bbox 873 731 940 796; x_wconf 91' lang='lat' dir='ltr'>veri</span> <span class='ocrx_word' id='word_1_26' title='bbox 964 729 1101 794; x_wconf 90' lang='lat' dir='ltr'>similius</span> <span class='ocrx_word' id='word_1_27' title='bbox 1125 752 1223 813; x_wconf 85' lang='lat' dir='ltr'>quam</span> 
     </span>
     <span class='ocr_line' id='line_1_5' title="bbox 5 837 1223 922; baseline -0.002 -21"><span class='ocrx_word' id='word_1_28' title='bbox 5 849 6 886; x_wconf 70' lang='lat' dir='ltr'>l</span> <span class='ocrx_word' id='word_1_29' title='bbox 59 840 193 904; x_wconf 89' lang='lat' dir='ltr'>scribam</span> <span class='ocrx_word' id='word_1_30' title='bbox 215 840 321 922; x_wconf 93' lang='lat' dir='ltr'>illum,</span> <span class='ocrx_word' id='word_1_31' title='bbox 350 861 422 903; x_wconf 91' lang='lat' dir='ltr'>cum</span> <span class='ocrx_word' id='word_1_32' title='bbox 445 838 531 922; x_wconf 88' lang='lat' dir='ltr'>quod</span> <span class='ocrx_word' id='word_1_33' title='bbox 559 837 716 920; x_wconf 89' lang='lat' dir='ltr'>seriptum</span> <span class='ocrx_word' id='word_1_34' title='bbox 743 837 911 900; x_wconf 87' lang='lat' dir='ltr'>invenerat</span> <span class='ocrx_word' id='word_1_35' title='bbox 940 837 1116 918; x_wconf 77' lang='lat' dir='ltr'>indipnihns</span> <span class='ocrx_word' id='word_1_36' title='bbox 1141 837 1223 900; x_wconf 91' lang='lat' dir='ltr'>nihil</span> 
     </span>
     <span class='ocr_line' id='line_1_6' title="bbox 5 895 1223 1027; baseline -0.004 -15"><span class='ocrx_word' id='word_1_37' title='bbox 5 895 8 1012; x_wconf 88' lang='lat' dir='ltr'>l</span> <span class='ocrx_word' id='word_1_38' title='bbox 58 967 124 1010; x_wconf 89' lang='lat' dir='ltr'>esse</span> <span class='ocrx_word' id='word_1_39' title='bbox 146 945 281 1010; x_wconf 86' lang='lat' dir='ltr'>vidisset</span> <span class='ocrx_word' id='word_1_40' title='bbox 304 945 464 1027; x_wconf 83' lang='lat' dir='ltr'>velletque</span> <span class='ocrx_word' id='word_1_41' title='bbox 488 944 682 1008; x_wconf 73' lang='lat' dir='ltr'>substituere</span> <span class='ocrx_word' id='word_1_42' title='bbox 706 943 791 1026; x_wconf 92' lang='lat' dir='ltr'>quod</span> <span class='ocrx_word' id='word_1_43' title='bbox 814 943 936 1026; x_wconf 83' lang='lat' dir='ltr'>aliquid</span> <span class='ocrx_word' id='word_1_44' title='bbox 959 965 1028 1006; x_wconf 87' lang='lat' dir='ltr'>esse</span> <span class='ocrx_word' id='word_1_45' title='bbox 1051 942 1223 1027; x_wconf 82' lang='lat' dir='ltr'>videretur,</span> 
     </span>
     <span class='ocr_line' id='line_1_7' title="bbox 5 1021 1223 1134; baseline 0.001 -21"><span class='ocrx_word' id='word_1_46' title='bbox 5 1021 7 1052; x_wconf 45' lang='grc' dir='ltr'>Ι</span> <span class='ocrx_word' id='word_1_47' title='bbox 58 1051 136 1117; x_wconf 90' lang='lat' dir='ltr'>hanc</span> <span class='ocrx_word' id='word_1_48' title='bbox 158 1074 271 1118; x_wconf 86' lang='lat' dir='ltr'>vocem</span> <span class='ocrx_word' id='word_1_49' title='bbox 294 1074 352 1116; x_wconf 90' lang='lat' dir='ltr'>suo</span> <span class='ocrx_word' id='word_1_50' title='bbox 376 1050 481 1116; x_wconf 89' lang='lat' dir='ltr'>Marte</span> <span class='ocrx_word' id='word_1_51' title='bbox 501 1050 680 1115; x_wconf 88' lang='lat' dir='ltr'>obtrusisse</span> <span class='ocrx_word' id='word_1_52' title='bbox 694 1049 814 1133; x_wconf 88' lang='lat' dir='ltr'>Plinio,</span> <span class='ocrx_word' id='word_1_53' title='bbox 839 1049 893 1133; x_wconf 90' lang='lat' dir='ltr'>qui</span> <span class='ocrx_word' id='word_1_54' title='bbox 914 1071 1073 1134; x_wconf 86' lang='lat' dir='ltr'>nusquam</span> <span class='ocrx_word' id='word_1_55' title='bbox 1088 1071 1126 1114; x_wconf 91' lang='lat' dir='ltr'>ea</span> <span class='ocrx_word' id='word_1_56' title='bbox 1147 1071 1223 1116; x_wconf 88' lang='lat' dir='ltr'>usus</span> 
     </span>
     <span class='ocr_line' id='line_1_8' title="bbox 58 1154 1223 1242; baseline -0.002 -22"><span class='ocrx_word' id='word_1_57' title='bbox 58 1163 112 1222; x_wconf 90' lang='lat' dir='ltr'>est.</span> <span class='ocrx_word' id='word_1_58' title='bbox 163 1159 218 1223; x_wconf 88' lang='lat' dir='ltr'>sed</span> <span class='ocrx_word' id='word_1_59' title='bbox 245 1159 340 1242; x_wconf 89' lang='lat' dir='ltr'>plura</span> <span class='ocrx_word' id='word_1_60' title='bbox 368 1160 536 1242; x_wconf 87' lang='lat' dir='ltr'>praeterea</span> <span class='ocrx_word' id='word_1_61' title='bbox 559 1160 753 1220; x_wconf 89' lang='lat' dir='ltr'>concurrunt</span> <span class='ocrx_word' id='word_1_62' title='bbox 781 1177 861 1240; x_wconf 90' lang='lat' dir='ltr'>quae</span> <span class='ocrx_word' id='word_1_63' title='bbox 888 1154 1034 1220; x_wconf 80' lang='lat' dir='ltr'>fraudem</span> <span class='ocrx_word' id='word_1_64' title='bbox 1062 1155 1223 1240; x_wconf 85' lang='lat' dir='ltr'>detegant.</span> 
     </span>
     <span class='ocr_line' id='line_1_9' title="bbox 59 1259 1225 1346; baseline -0.002 -20"><span class='ocrx_word' id='word_1_65' title='bbox 59 1264 187 1329; x_wconf 88' lang='lat' dir='ltr'>offendit</span> <span class='ocrx_word' id='word_1_66' title='bbox 214 1265 300 1328; x_wconf 90' lang='lat' dir='ltr'>enim</span> <span class='ocrx_word' id='word_1_67' title='bbox 330 1263 539 1346; x_wconf 78' lang='lat' dir='ltr'>persuadendi</span> <span class='ocrx_word' id='word_1_68' title='bbox 572 1263 705 1327; x_wconf 88' lang='lat' dir='ltr'>verbum</span> <span class='ocrx_word' id='word_1_69' title='bbox 739 1285 811 1326; x_wconf 88' lang='lat' dir='ltr'>cum</span> <span class='ocrx_word' id='word_1_70' title='bbox 841 1262 997 1326; x_wconf 79' lang='lat' dir='ltr'>doctrinae</span> <span class='ocrx_word' id='word_1_71' title='bbox 1029 1259 1225 1326; x_wconf 70' lang='lat' dir='ltr'>substantivi</span> 
     </span>
     <span class='ocr_line' id='line_1_10' title="bbox 5 1367 1225 1454; baseline -0.001 -22"><span class='ocrx_word' id='word_1_72' title='bbox 5 1379 7 1396; x_wconf 75' lang='lat'><em>&#39;</em></span> <span class='ocrx_word' id='word_1_73' title='bbox 59 1371 237 1436; x_wconf 82' lang='lat' dir='ltr'>accusativo</span> <span class='ocrx_word' id='word_1_74' title='bbox 266 1372 485 1454; x_wconf 89' lang='lat' dir='ltr'>coniunctum,</span> <span class='ocrx_word' id='word_1_75' title='bbox 517 1369 607 1432; x_wconf 87' lang='lat' dir='ltr'>cuius</span> <span class='ocrx_word' id='word_1_76' title='bbox 638 1372 819 1432; x_wconf 82' lang='lat' dir='ltr'>structurae</span> <span class='ocrx_word' id='word_1_77' title='bbox 846 1389 949 1451; x_wconf 91' lang='lat' dir='ltr'>neque</span> <span class='ocrx_word' id='word_1_78' title='bbox 977 1367 1063 1450; x_wconf 88' lang='lat' dir='ltr'>apud</span> <span class='ocrx_word' id='word_1_79' title='bbox 1084 1367 1225 1432; x_wconf 88' lang='lat' dir='ltr'>Plinium</span> 
     </span>
     <span class='ocr_line' id='line_1_11' title="bbox 5 1453 1224 1560; baseline 0.001 -23"><span class='ocrx_word' id='word_1_80' title='bbox 5 1453 8 1552; x_wconf 81' lang='lat' dir='ltr'>l</span> <span class='ocrx_word' id='word_1_81' title='bbox 58 1496 155 1558; x_wconf 90' lang='lat' dir='ltr'>neque</span> <span class='ocrx_word' id='word_1_82' title='bbox 179 1476 264 1560; x_wconf 92' lang='lat' dir='ltr'>apud</span> <span class='ocrx_word' id='word_1_83' title='bbox 292 1477 391 1540; x_wconf 89' lang='lat' dir='ltr'>alium</span> <span class='ocrx_word' id='word_1_84' title='bbox 420 1476 610 1559; x_wconf 79' lang='lat' dir='ltr'>scriptorem</span> <span class='ocrx_word' id='word_1_85' title='bbox 638 1475 806 1557; x_wconf 88' lang='lat' dir='ltr'>antiquum</span> <span class='ocrx_word' id='word_1_86' title='bbox 839 1475 1019 1556; x_wconf 86' lang='lat' dir='ltr'>exemplum</span> <span class='ocrx_word' id='word_1_87' title='bbox 1049 1473 1151 1538; x_wconf 90' lang='lat' dir='ltr'>ullum</span> <span class='ocrx_word' id='word_1_88' title='bbox 1178 1475 1224 1538; x_wconf 91' lang='lat' dir='ltr'>in-</span> 
     </span>
     <span class='ocr_line' id='line_1_12' title="bbox 5 1561 1225 1666; baseline 0.002 -24"><span class='ocrx_word' id='word_1_89' title='bbox 5 1561 8 1651; x_wconf 82' lang='lat' dir='ltr'>l</span> <span class='ocrx_word' id='word_1_90' title='bbox 59 1581 136 1654; x_wconf 87' lang='lat' dir='ltr'>veni.</span> <span class='ocrx_word' id='word_1_91' title='bbox 165 1581 300 1647; x_wconf 85' lang='lat' dir='ltr'>offendit</span> <span class='ocrx_word' id='word_1_92' title='bbox 323 1605 420 1666; x_wconf 92' lang='lat' dir='ltr'>porro</span> <span class='ocrx_word' id='word_1_93' title='bbox 443 1603 563 1647; x_wconf 93' lang='lat' dir='ltr'>nomen</span> <span class='ocrx_word' id='word_1_94' title='bbox 585 1580 739 1645; x_wconf 81' lang='lat' dir='ltr'>doetrinae</span> <span class='ocrx_word' id='word_1_95' title='bbox 761 1579 799 1643; x_wconf 89' lang='lat' dir='ltr'>de</span> <span class='ocrx_word' id='word_1_96' title='bbox 823 1601 887 1643; x_wconf 91' lang='lat' dir='ltr'>una</span> <span class='ocrx_word' id='word_1_97' title='bbox 911 1581 1050 1663; x_wconf 89' lang='lat' dir='ltr'>quadam</span> <span class='ocrx_word' id='word_1_98' title='bbox 1073 1581 1225 1663; x_wconf 88' lang='lat' dir='ltr'>opinione</span> 
     </span>
     <span class='ocr_line' id='line_1_13' title="bbox 5 1686 1224 1782; baseline 0 -32"><span class='ocrx_word' id='word_1_99' title='bbox 5 1695 8 1782; x_wconf 67' lang='lat' dir='ltr'>l</span> <span class='ocrx_word' id='word_1_100' title='bbox 58 1687 175 1752; x_wconf 88' lang='lat' dir='ltr'>dictum</span> <span class='ocrx_word' id='word_1_101' title='bbox 202 1710 242 1753; x_wconf 91' lang='lat' dir='ltr'>ne</span> <span class='ocrx_word' id='word_1_102' title='bbox 269 1688 460 1771; x_wconf 84' lang='lat' dir='ltr'>pronomine</span> <span class='ocrx_word' id='word_1_103' title='bbox 488 1687 615 1772; x_wconf 88' lang='lat' dir='ltr'>quidem</span> <span class='ocrx_word' id='word_1_104' title='bbox 638 1687 717 1750; x_wconf 83' lang='lat' dir='ltr'>banc</span> <span class='ocrx_word' id='word_1_105' title='bbox 746 1686 797 1749; x_wconf 91' lang='lat' dir='ltr'>vel</span> <span class='ocrx_word' id='word_1_106' title='bbox 824 1707 892 1750; x_wconf 78' lang='lat' dir='ltr'>cain</span> <span class='ocrx_word' id='word_1_107' title='bbox 915 1687 1038 1771; x_wconf 91' lang='lat' dir='ltr'>addito,</span> <span class='ocrx_word' id='word_1_108' title='bbox 1066 1688 1120 1769; x_wconf 93' lang='lat' dir='ltr'>qui</span> <span class='ocrx_word' id='word_1_109' title='bbox 1147 1711 1224 1751; x_wconf 91' lang='lat' dir='ltr'>usus</span> 
     </span>
     <span class='ocr_line' id='line_1_14' title="bbox 5 1793 1225 1879; baseline 0.001 -23"><span class='ocrx_word' id='word_1_110' title='bbox 5 1805 7 1856; x_wconf 78' lang='lat' dir='ltr'>l</span> <span class='ocrx_word' id='word_1_111' title='bbox 59 1794 208 1859; x_wconf 86' lang='lat' dir='ltr'>abhorret</span> <span class='ocrx_word' id='word_1_112' title='bbox 232 1795 259 1858; x_wconf 91' lang='lat' dir='ltr'>si</span> <span class='ocrx_word' id='word_1_113' title='bbox 283 1795 389 1858; x_wconf 85' lang='lat' dir='ltr'>minus</span> <span class='ocrx_word' id='word_1_114' title='bbox 413 1817 433 1858; x_wconf 91' lang='lat' dir='ltr'>a</span> <span class='ocrx_word' id='word_1_115' title='bbox 455 1793 572 1858; x_wconf 90' lang='lat' dir='ltr'>Latino</span> <span class='ocrx_word' id='word_1_116' title='bbox 596 1814 758 1878; x_wconf 91' lang='lat' dir='ltr'>sermone,</span> <span class='ocrx_word' id='word_1_117' title='bbox 786 1797 928 1857; x_wconf 88' lang='lat' dir='ltr'>atcerte</span> <span class='ocrx_word' id='word_1_118' title='bbox 953 1817 972 1858; x_wconf 91' lang='lat' dir='ltr'>a</span> <span class='ocrx_word' id='word_1_119' title='bbox 994 1793 1142 1859; x_wconf 88' lang='lat' dir='ltr'>Pliniana</span> <span class='ocrx_word' id='word_1_120' title='bbox 1172 1815 1225 1879; x_wconf 86' lang='lat' dir='ltr'>ge-</span> 
     </span>
     <span class='ocr_line' id='line_1_15' title="bbox 58 1893 1225 1984; baseline 0.003 -23"><span class='ocrx_word' id='word_1_121' title='bbox 58 1919 128 1963; x_wconf 89' lang='lat' dir='ltr'>nere</span> <span class='ocrx_word' id='word_1_122' title='bbox 152 1899 290 1984; x_wconf 89' lang='lat' dir='ltr'>dicendi,</span> <span class='ocrx_word' id='word_1_123' title='bbox 312 1922 389 1964; x_wconf 86' lang='lat' dir='ltr'>nam</span> <span class='ocrx_word' id='word_1_124' title='bbox 412 1899 495 1982; x_wconf 90' lang='lat' dir='ltr'>quod</span> <span class='ocrx_word' id='word_1_125' title='bbox 520 1897 644 1964; x_wconf 85' lang='lat' dir='ltr'>XXXV</span> <span class='ocrx_word' id='word_1_126' title='bbox 670 1893 710 1964; x_wconf 79' lang='lat'>79</span> <span class='ocrx_word' id='word_1_127' title='bbox 740 1899 777 1962; x_wconf 88' lang='lat' dir='ltr'>de</span> <span class='ocrx_word' id='word_1_128' title='bbox 801 1898 915 1982; x_wconf 85' lang='lat' dir='ltr'>Apelle</span> <span class='ocrx_word' id='word_1_129' title='bbox 939 1898 1069 1964; x_wconf 88' lang='lat' dir='ltr'>dicitur:</span> <span class='ocrx_word' id='word_1_130' title='bbox 1096 1901 1225 1965; x_wconf 84' lang='grc'><strong>1111111·</strong></span> 
     </span>
     <span class='ocr_line' id='line_1_16' title="bbox 5 2003 1225 2094; baseline 0.002 -28"><span class='ocrx_word' id='word_1_131' title='bbox 5 2067 6 2094; x_wconf 33' lang='lat'>3</span> <span class='ocrx_word' id='word_1_132' title='bbox 58 2005 143 2071; x_wconf 86' lang='lat' dir='ltr'>nibns</span> <span class='ocrx_word' id='word_1_133' title='bbox 169 2007 262 2070; x_wconf 81' lang='grc'><strong>111111</strong></span> <span class='ocrx_word' id='word_1_134' title='bbox 289 2007 378 2071; x_wconf 82' lang='lat' dir='ltr'>editis</span> <span class='ocrx_word' id='word_1_135' title='bbox 407 2026 484 2087; x_wconf 72' lang='lat' dir='ltr'>qliae</span> <span class='ocrx_word' id='word_1_136' title='bbox 510 2007 682 2070; x_wconf 79' lang='lat' dir='ltr'>doctrinam</span> <span class='ocrx_word' id='word_1_137' title='bbox 708 2026 776 2069; x_wconf 85' lang='lat' dir='ltr'>cani</span> <span class='ocrx_word' id='word_1_138' title='bbox 809 2003 862 2090; x_wconf 83' lang='lat' dir='ltr'>(de</span> <span class='ocrx_word' id='word_1_139' title='bbox 890 2003 1045 2091; x_wconf 89' lang='lat' dir='ltr'>pictura)·</span> <span class='ocrx_word' id='word_1_140' title='bbox 1062 2008 1225 2091; x_wconf 76' lang='lat' dir='ltr'>continent,</span> 
     </span>
     <span class='ocr_line' id='line_1_17' title="bbox 5 2110 1224 2244; baseline 0.002 -71"><span class='ocrx_word' id='word_1_141' title='bbox 5 2149 8 2244; x_wconf 78' lang='lat'>,</span> <span class='ocrx_word' id='word_1_142' title='bbox 58 2131 119 2175; x_wconf 92' lang='lat' dir='ltr'>non</span> <span class='ocrx_word' id='word_1_143' title='bbox 141 2135 238 2176; x_wconf 90' lang='lat' dir='ltr'>unam</span> <span class='ocrx_word' id='word_1_144' title='bbox 262 2112 446 2195; x_wconf 90' lang='lat' dir='ltr'>opinionem</span> <span class='ocrx_word' id='word_1_145' title='bbox 469 2111 616 2195; x_wconf 84' lang='lat' dir='ltr'>intellegi</span> <span class='ocrx_word' id='word_1_146' title='bbox 640 2115 783 2194; x_wconf 87' lang='lat' dir='ltr'>apparet.</span> <span class='ocrx_word' id='word_1_147' title='bbox 812 2110 947 2193; x_wconf 87' lang='lat' dir='ltr'>denique</span> <span class='ocrx_word' id='word_1_148' title='bbox 961 2133 1001 2174; x_wconf 90' lang='lat' dir='ltr'>ne</span> <span class='ocrx_word' id='word_1_149' title='bbox 1024 2112 1071 2174; x_wconf 89' lang='lat' dir='ltr'>rei</span> <span class='ocrx_word' id='word_1_150' title='bbox 1095 2112 1224 2194; x_wconf 89' lang='lat' dir='ltr'>quidem</span> 
     </span>
     <span class='ocr_line' id='line_1_18' title="bbox 58 2217 1224 2300; baseline 0.002 -22"><span class='ocrx_word' id='word_1_151' title='bbox 58 2218 154 2300; x_wconf 91' lang='lat' dir='ltr'>ipsius</span> <span class='ocrx_word' id='word_1_152' title='bbox 177 2218 314 2282; x_wconf 80' lang='lat' dir='ltr'>veritate</span> <span class='ocrx_word' id='word_1_153' title='bbox 338 2217 581 2282; x_wconf 87' lang='lat' dir='ltr'>commendatur</span> <span class='ocrx_word' id='word_1_154' title='bbox 603 2217 723 2280; x_wconf 89' lang='lat' dir='ltr'>ficticia</span> <span class='ocrx_word' id='word_1_155' title='bbox 745 2217 802 2281; x_wconf 87' lang='lat' dir='ltr'>illa</span> <span class='ocrx_word' id='word_1_156' title='bbox 826 2218 999 2300; x_wconf 87' lang='lat' dir='ltr'>scriptura,</span> <span class='ocrx_word' id='word_1_157' title='bbox 1026 2239 1102 2280; x_wconf 80' lang='lat' dir='ltr'>nam</span> <span class='ocrx_word' id='word_1_158' title='bbox 1128 2218 1224 2300; x_wconf 91' lang='lat' dir='ltr'>pauci</span> 
     </span>
     <span class='ocr_line' id='line_1_19' title="bbox 5 2311 1224 2408; baseline 0.002 -24"><span class='ocrx_word' id='word_1_159' title='bbox 5 2311 7 2400; x_wconf 70' lang='lat' dir='ltr'>l</span> <span class='ocrx_word' id='word_1_160' title='bbox 59 2321 129 2408; x_wconf 88' lang='lat' dir='ltr'>loci,</span> <span class='ocrx_word' id='word_1_161' title='bbox 156 2323 329 2406; x_wconf 87' lang='lat' dir='ltr'>inquibus</span> <span class='ocrx_word' id='word_1_162' title='bbox 353 2322 548 2387; x_wconf 87' lang='lat' dir='ltr'>Aristoteles</span> <span class='ocrx_word' id='word_1_163' title='bbox 572 2322 610 2386; x_wconf 90' lang='lat' dir='ltr'>de</span> <span class='ocrx_word' id='word_1_164' title='bbox 634 2323 870 2407; x_wconf 82' lang='lat' dir='ltr'>ballaenarum,</span> <span class='ocrx_word' id='word_1_165' title='bbox 898 2323 1136 2407; x_wconf 86' lang='lat' dir='ltr'>delphinorum,</span> <span class='ocrx_word' id='word_1_166' title='bbox 1167 2323 1224 2387; x_wconf 90' lang='lat' dir='ltr'>ali-</span> 
     </span>
     <span class='ocr_line' id='line_1_20' title="bbox 59 2428 1225 2514; baseline 0.003 -23"><span class='ocrx_word' id='word_1_167' title='bbox 59 2451 146 2494; x_wconf 88' lang='lat' dir='ltr'>orum</span> <span class='ocrx_word' id='word_1_168' title='bbox 171 2430 310 2514; x_wconf 86' lang='lat' dir='ltr'>piscium</span> <span class='ocrx_word' id='word_1_169' title='bbox 337 2429 550 2512; x_wconf 86' lang='lat' dir='ltr'>respiratione</span> <span class='ocrx_word' id='word_1_170' title='bbox 581 2429 651 2514; x_wconf 81' lang='lat' dir='ltr'>agit</span> <span class='ocrx_word' id='word_1_171' title='bbox 680 2428 724 2514; x_wconf 84' lang='lat' dir='ltr'>(h.</span> <span class='ocrx_word' id='word_1_172' title='bbox 753 2428 851 2498; x_wconf 75' lang='lat' dir='ltr'>a.,VI</span> <span class='ocrx_word' id='word_1_173' title='bbox 877 2429 917 2494; x_wconf 82' lang='lat'>12</span> <span class='ocrx_word' id='word_1_174' title='bbox 947 2429 1016 2492; x_wconf 89' lang='lat' dir='ltr'>init.</span> <span class='ocrx_word' id='word_1_175' title='bbox 1045 2428 1126 2494; x_wconf 89' lang='lat' dir='ltr'>VHI</span> <span class='ocrx_word' id='word_1_176' title='bbox 1149 2431 1170 2493; x_wconf 77' lang='lat'>2</span> <span class='ocrx_word' id='word_1_177' title='bbox 1193 2453 1225 2512; x_wconf 87' lang='lat' dir='ltr'>p.</span> 
     </span>
     <span class='ocr_line' id='line_1_21' title="bbox 59 2529 1224 2620; baseline 0.003 -24"><span class='ocrx_word' id='word_1_178' title='bbox 59 2533 178 2620; x_wconf 75' lang='grc'><strong>1891,</strong></span> <span class='ocrx_word' id='word_1_179' title='bbox 202 2537 253 2600; x_wconf 85' lang='grc'>28.</span> <span class='ocrx_word' id='word_1_180' title='bbox 275 2534 358 2601; x_wconf 80' lang='lat' dir='ltr'>lvo</span> <span class='ocrx_word' id='word_1_181' title='bbox 383 2557 413 2617; x_wconf 93' lang='lat' dir='ltr'>p.</span> <span class='ocrx_word' id='word_1_182' title='bbox 428 2534 492 2598; x_wconf 82' lang='lat'>536</span> <span class='ocrx_word' id='word_1_183' title='bbox 508 2533 552 2620; x_wconf 89' lang='lat' dir='ltr'>A,</span> <span class='ocrx_word' id='word_1_184' title='bbox 575 2529 625 2618; x_wconf 80' lang='lat'>2),</span> <span class='ocrx_word' id='word_1_185' title='bbox 648 2535 820 2616; x_wconf 85' lang='lat' dir='ltr'>perbreves</span> <span class='ocrx_word' id='word_1_186' title='bbox 843 2539 918 2598; x_wconf 87' lang='lat' dir='ltr'>sunt</span> <span class='ocrx_word' id='word_1_187' title='bbox 940 2556 1043 2617; x_wconf 93' lang='lat' dir='ltr'>neque</span> <span class='ocrx_word' id='word_1_188' title='bbox 1067 2536 1116 2600; x_wconf 88' lang='lat' dir='ltr'>ita</span> <span class='ocrx_word' id='word_1_189' title='bbox 1139 2557 1224 2600; x_wconf 85' lang='lat' dir='ltr'>eorn-</span> 
     </span>
     <span class='ocr_line' id='line_1_22' title="bbox 58 2638 1224 2725; baseline 0.002 -21"><span class='ocrx_word' id='word_1_190' title='bbox 58 2642 169 2723; x_wconf 89' lang='lat' dir='ltr'>parati,</span> <span class='ocrx_word' id='word_1_191' title='bbox 191 2646 228 2705; x_wconf 94' lang='lat' dir='ltr'>ut</span> <span class='ocrx_word' id='word_1_192' title='bbox 250 2664 323 2706; x_wconf 92' lang='lat' dir='ltr'>eum</span> <span class='ocrx_word' id='word_1_193' title='bbox 346 2642 414 2705; x_wconf 91' lang='lat' dir='ltr'>iure</span> <span class='ocrx_word' id='word_1_194' title='bbox 438 2639 526 2704; x_wconf 87' lang='lat' dir='ltr'>dicas</span> <span class='ocrx_word' id='word_1_195' title='bbox 542 2639 662 2704; x_wconf 89' lang='lat' dir='ltr'>multas</span> <span class='ocrx_word' id='word_1_196' title='bbox 686 2638 882 2724; x_wconf 82' lang='lat' dir='ltr'>‘indagines’</span> <span class='ocrx_word' id='word_1_197' title='bbox 906 2641 941 2704; x_wconf 91' lang='lat' dir='ltr'>in</span> <span class='ocrx_word' id='word_1_198' title='bbox 964 2640 1128 2724; x_wconf 89' lang='lat' dir='ltr'>publicum</span> <span class='ocrx_word' id='word_1_199' title='bbox 1151 2665 1224 2725; x_wconf 89' lang='lat' dir='ltr'>pro·</span> 
     </span>
     <span class='ocr_line' id='line_1_23' title="bbox 58 2747 1226 2830; baseline 0 -19"><span class='ocrx_word' id='word_1_200' title='bbox 58 2749 210 2826; x_wconf 87' lang='lat' dir='ltr'>posuisse.</span> <span class='ocrx_word' id='word_1_201' title='bbox 260 2748 376 2830; x_wconf 88' lang='lat' dir='ltr'>quibus</span> <span class='ocrx_word' id='word_1_202' title='bbox 407 2747 445 2811; x_wconf 91' lang='lat' dir='ltr'>de</span> <span class='ocrx_word' id='word_1_203' title='bbox 478 2747 584 2810; x_wconf 89' lang='lat' dir='ltr'>causis</span> <span class='ocrx_word' id='word_1_204' title='bbox 613 2749 763 2810; x_wconf 90' lang='lat' dir='ltr'>nostrum</span> <span class='ocrx_word' id='word_1_205' title='bbox 795 2768 865 2810; x_wconf 90' lang='lat' dir='ltr'>esse</span> <span class='ocrx_word' id='word_1_206' title='bbox 896 2768 1009 2810; x_wconf 87' lang='lat' dir='ltr'>censeo</span> <span class='ocrx_word' id='word_1_207' title='bbox 1040 2747 1226 2812; x_wconf 90' lang='lat' dir='ltr'>coniectura</span> 
     </span>
     <span class='ocr_line' id='line_1_24' title="bbox 59 2849 1226 2937; baseline 0.005 -25"><span class='ocrx_word' id='word_1_208' title='bbox 59 2853 194 2935; x_wconf 83' lang='lat' dir='ltr'>reperire</span> <span class='ocrx_word' id='word_1_209' title='bbox 226 2854 317 2937; x_wconf 91' lang='lat' dir='ltr'>quod.</span> <span class='ocrx_word' id='word_1_210' title='bbox 343 2853 418 2917; x_wconf 91' lang='lat' dir='ltr'>huic</span> <span class='ocrx_word' id='word_1_211' title='bbox 449 2853 521 2917; x_wconf 92' lang='lat' dir='ltr'>loco</span> <span class='ocrx_word' id='word_1_212' title='bbox 555 2851 659 2936; x_wconf 86' lang='lat' dir='ltr'>magis</span> <span class='ocrx_word' id='word_1_213' title='bbox 687 2853 858 2916; x_wconf 86' lang='lat' dir='ltr'>conveniat</span> <span class='ocrx_word' id='word_1_214' title='bbox 887 2849 986 2935; x_wconf 87' lang='lat' dir='ltr'>&#39;atque</span> <span class='ocrx_word' id='word_1_215' title='bbox 1020 2877 1083 2918; x_wconf 93' lang='lat' dir='ltr'>uua</span> <span class='ocrx_word' id='word_1_216' title='bbox 1115 2854 1226 2919; x_wconf 89' lang='lat' dir='ltr'>littera</span> 
     </span>
     <span class='ocr_line' id='line_1_25' title="bbox 60 2956 1224 3045; baseline 0.005 -25"><span class='ocrx_word' id='word_1_217' title='bbox 60 2960 180 3024; x_wconf 87' lang='lat' dir='ltr'>mutata</span> <span class='ocrx_word' id='word_1_218' title='bbox 203 2960 301 3023; x_wconf 88' lang='lat' dir='ltr'>scribi</span> <span class='ocrx_word' id='word_1_219' title='bbox 324 2960 412 3043; x_wconf 86' lang='lat' dir='ltr'>vola,</span> <span class='ocrx_word' id='word_1_220' title='bbox 436 2959 521 3042; x_wconf 88' lang='lat' dir='ltr'>quod</span> <span class='ocrx_word' id='word_1_221' title='bbox 545 2958 610 3023; x_wconf 91' lang='lat' dir='ltr'>iam</span> <span class='ocrx_word' id='word_1_222' title='bbox 624 2956 823 3022; x_wconf 89' lang='lat' dir='ltr'>Urlichsium</span> <span class='ocrx_word' id='word_1_223' title='bbox 846 2957 931 3024; x_wconf 82' lang='lat' dir='ltr'>vind.</span> <span class='ocrx_word' id='word_1_224' title='bbox 945 2957 1026 3024; x_wconf 90' lang='lat' dir='ltr'>Plin.</span> <span class='ocrx_word' id='word_1_225' title='bbox 1040 2959 1056 3022; x_wconf 89' lang='lat' dir='ltr'>l</span> <span class='ocrx_word' id='word_1_226' title='bbox 1070 2983 1101 3043; x_wconf 91' lang='lat' dir='ltr'>p.</span> <span class='ocrx_word' id='word_1_227' title='bbox 1118 2957 1224 3045; x_wconf 67' lang='lat'>15437)</span> 
     </span>
     <span class='ocr_line' id='line_1_26' title="bbox 5 3065 1226 3152; baseline 0.002 -26"><span class='ocrx_word' id='word_1_228' title='bbox 5 3075 6 3090; x_wconf 64' lang='lat'>¹</span> <span class='ocrx_word' id='word_1_229' title='bbox 60 3067 195 3130; x_wconf 87' lang='lat' dir='ltr'>voluisse</span> <span class='ocrx_word' id='word_1_230' title='bbox 209 3066 317 3131; x_wconf 81' lang='lat' dir='ltr'>video:</span> <span class='ocrx_word' id='word_1_231' title='bbox 341 3071 369 3129; x_wconf 87' lang='lat' dir='ltr'>et</span> <span class='ocrx_word' id='word_1_232' title='bbox 390 3065 497 3130; x_wconf 81' lang='grc'><strong>1111111</strong></span> <span class='ocrx_word' id='word_1_233' title='bbox 513 3066 704 3146; x_wconf 81' lang='lat' dir='ltr'>persnasisse</span> <span class='ocrx_word' id='word_1_234' title='bbox 726 3067 865 3130; x_wconf 81' lang='grc'><strong>11111111</strong></span> <span class='ocrx_word' id='word_1_235' title='bbox 888 3067 1111 3148; x_wconf 72' lang='grc'><strong>1111911111,</strong></span> <span class='ocrx_word' id='word_1_236' title='bbox 1141 3066 1226 3152; x_wconf 89' lang='lat' dir='ltr'>quod</span> 
     </span>
     <span class='ocr_line' id='line_1_27' title="bbox 60 3170 1225 3256; baseline 0.005 -25"><span class='ocrx_word' id='word_1_237' title='bbox 60 3172 92 3232; x_wconf 92' lang='lat' dir='ltr'>ut</span> <span class='ocrx_word' id='word_1_238' title='bbox 123 3173 169 3234; x_wconf 90' lang='lat' dir='ltr'>rei</span> <span class='ocrx_word' id='word_1_239' title='bbox 203 3171 480 3236; x_wconf 90' lang='lat' dir='ltr'>accommodatum</span> <span class='ocrx_word' id='word_1_240' title='bbox 509 3174 558 3235; x_wconf 90' lang='lat' dir='ltr'>est</span> <span class='ocrx_word' id='word_1_241' title='bbox 587 3207 628 3216; x_wconf 88' lang='lat'>—-</span> <span class='ocrx_word' id='word_1_242' title='bbox 656 3192 731 3234; x_wconf 89' lang='lat' dir='ltr'>nam</span> <span class='ocrx_word' id='word_1_243' title='bbox 762 3170 802 3246; x_wconf 84' lang='lat' dir='ltr'>de</span> <span class='ocrx_word' id='word_1_244' title='bbox 834 3172 1042 3237; x_wconf 87' lang='lat' dir='ltr'>multorum</span> <span class='ocrx_word' id='word_1_245' title='bbox 1075 3173 1225 3256; x_wconf 88' lang='lat' dir='ltr'>opinione</span> 
     </span>
     <span class='ocr_line' id='line_1_28' title="bbox 61 3275 1224 3362; baseline 0.004 -25"><span class='ocrx_word' id='word_1_246' title='bbox 61 3278 163 3360; x_wconf 86' lang='lat' dir='ltr'>agitur</span> <span class='ocrx_word' id='word_1_247' title='bbox 186 3315 242 3362; x_wconf 89' lang='lat'>-,</span> <span class='ocrx_word' id='word_1_248' title='bbox 266 3277 313 3341; x_wconf 92' lang='lat' dir='ltr'>ita</span> <span class='ocrx_word' id='word_1_249' title='bbox 335 3299 402 3341; x_wconf 91' lang='lat' dir='ltr'>non</span> <span class='ocrx_word' id='word_1_250' title='bbox 425 3277 566 3340; x_wconf 90' lang='lat' dir='ltr'>alienum</span> <span class='ocrx_word' id='word_1_251' title='bbox 590 3300 609 3340; x_wconf 91' lang='lat' dir='ltr'>a</span> <span class='ocrx_word' id='word_1_252' title='bbox 631 3275 780 3341; x_wconf 90' lang='lat' dir='ltr'>Pliniana</span> <span class='ocrx_word' id='word_1_253' title='bbox 804 3277 996 3343; x_wconf 90' lang='lat' dir='ltr'>elocutione:</span> <span class='ocrx_word' id='word_1_254' title='bbox 1024 3277 1079 3342; x_wconf 87' lang='lat' dir='ltr'>cfr.</span> <span class='ocrx_word' id='word_1_255' title='bbox 1103 3278 1149 3342; x_wconf 83' lang='lat' dir='ltr'>IX</span> <span class='ocrx_word' id='word_1_256' title='bbox 1162 3279 1224 3343; x_wconf 81' lang='lat'>183</span> 
     </span>
     <span class='ocr_line' id='line_1_29' title="bbox 59 3381 1225 3466; baseline 0.005 -25"><span class='ocrx_word' id='word_1_257' title='bbox 59 3381 152 3449; x_wconf 78' lang='lat' dir='ltr'>claros</span> <span class='ocrx_word' id='word_1_258' title='bbox 174 3385 328 3466; x_wconf 79' lang='lat' dir='ltr'>sapientia</span> <span class='ocrx_word' id='word_1_259' title='bbox 350 3389 501 3460; x_wconf 80' lang='lat' dir='ltr'>acciones,</span> <span class='ocrx_word' id='word_1_260' title='bbox 533 3382 564 3446; x_wconf 93' lang='lat' dir='ltr'>X</span> <span class='ocrx_word' id='word_1_261' title='bbox 588 3383 609 3446; x_wconf 87' lang='grc'>4</span> <span class='ocrx_word' id='word_1_262' title='bbox 632 3383 790 3447; x_wconf 76' lang='lat' dir='ltr'>Manilius</span> <span class='ocrx_word' id='word_1_263' title='bbox 813 3385 960 3448; x_wconf 79' lang='lat' dir='ltr'>maniciis</span> <span class='ocrx_word' id='word_1_264' title='bbox 981 3385 1092 3449; x_wconf 86' lang='lat' dir='ltr'>nobilis</span> <span class='ocrx_word' id='word_1_265' title='bbox 1114 3387 1225 3450; x_wconf 79' lang='lat' dir='ltr'>decini-</span> 
     </span>
     <span class='ocr_line' id='line_1_30' title="bbox 59 3488 1225 3574; baseline 0.006 -26"><span class='ocrx_word' id='word_1_266' title='bbox 59 3489 121 3566; x_wconf 91' lang='lat' dir='ltr'>nis,</span> <span class='ocrx_word' id='word_1_267' title='bbox 152 3488 185 3552; x_wconf 92' lang='grc' dir='ltr'>Π</span> <span class='ocrx_word' id='word_1_268' title='bbox 208 3489 272 3554; x_wconf 79' lang='lat'>248</span> <span class='ocrx_word' id='word_1_269' title='bbox 296 3490 529 3573; x_wconf 70' lang='lat' dir='ltr'>Dionysodorus</span> <span class='ocrx_word' id='word_1_270' title='bbox 554 3539 582 3552; x_wconf 91' lang='lat'>..</span> <span class='ocrx_word' id='word_1_271' title='bbox 602 3490 800 3571; x_wconf 76' lang='lat' dir='ltr'>pecinetnieoe</span> <span class='ocrx_word' id='word_1_272' title='bbox 821 3491 949 3554; x_wconf 84' lang='lat' dir='ltr'>seientia</span> <span class='ocrx_word' id='word_1_273' title='bbox 971 3491 1095 3574; x_wconf 83' lang='lat' dir='ltr'>nobilis,</span> <span class='ocrx_word' id='word_1_274' title='bbox 1124 3490 1225 3555; x_wconf 89' lang='lat' dir='ltr'>adiec-</span> 
     </span>
     <span class='ocr_line' id='line_1_31' title="bbox 60 3592 1224 3681; baseline 0.007 -29"><span class='ocrx_word' id='word_1_275' title='bbox 60 3592 157 3658; x_wconf 86' lang='lat' dir='ltr'>tivum</span> <span class='ocrx_word' id='word_1_276' title='bbox 190 3598 297 3660; x_wconf 88' lang='lat' dir='ltr'>autem</span> <span class='ocrx_word' id='word_1_277' title='bbox 330 3594 415 3678; x_wconf 90' lang='lat' dir='ltr'>quod</span> <span class='ocrx_word' id='word_1_278' title='bbox 442 3598 493 3659; x_wconf 91' lang='lat' dir='ltr'>est</span> <span class='ocrx_word' id='word_1_279' title='bbox 524 3595 657 3676; x_wconf 81' lang='lat' dir='ltr'>insipnis</span> <span class='ocrx_word' id='word_1_280' title='bbox 689 3595 858 3677; x_wconf 87' lang='lat' dir='ltr'>permultis</span> <span class='ocrx_word' id='word_1_281' title='bbox 890 3595 970 3660; x_wconf 90' lang='lat' dir='ltr'>locis</span> <span class='ocrx_word' id='word_1_282' title='bbox 1003 3597 1050 3661; x_wconf 89' lang='lat' dir='ltr'>ita</span> <span class='ocrx_word' id='word_1_283' title='bbox 1081 3599 1224 3681; x_wconf 90' lang='lat' dir='ltr'>positum</span> 
     </span>
     <span class='ocr_line' id='line_1_32' title="bbox 60 3701 223 3782; baseline 0.037 -23"><span class='ocrx_word' id='word_1_284' title='bbox 60 3701 223 3782; x_wconf 87' lang='lat' dir='ltr'>reperitur.</span> 
     </span>
     <span class='ocr_line' id='line_1_33' title="bbox 144 3805 1225 3895; baseline 0.004 -25"><span class='ocrx_word' id='word_1_285' title='bbox 144 3805 253 3871; x_wconf 81' lang='lat' dir='ltr'>Simile</span> <span class='ocrx_word' id='word_1_286' title='bbox 276 3807 392 3872; x_wconf 84' lang='lat' dir='ltr'>vitium</span> <span class='ocrx_word' id='word_1_287' title='bbox 415 3808 522 3872; x_wconf 85' lang='lat' dir='ltr'>notari</span> <span class='ocrx_word' id='word_1_288' title='bbox 546 3807 642 3872; x_wconf 87' lang='lat' dir='ltr'>velim</span> <span class='ocrx_word' id='word_1_289' title='bbox 666 3806 748 3871; x_wconf 89' lang='lat' dir='ltr'>VIII</span> <span class='ocrx_word' id='word_1_290' title='bbox 763 3809 839 3893; x_wconf 75' lang='lat'>171,</span> <span class='ocrx_word' id='word_1_291' title='bbox 864 3808 901 3871; x_wconf 89' lang='lat' dir='ltr'>de</span> <span class='ocrx_word' id='word_1_292' title='bbox 925 3829 987 3890; x_wconf 93' lang='lat' dir='ltr'>quo</span> <span class='ocrx_word' id='word_1_293' title='bbox 1011 3808 1082 3874; x_wconf 91' lang='lat' dir='ltr'>loco</span> <span class='ocrx_word' id='word_1_294' title='bbox 1106 3831 1225 3895; x_wconf 85' lang='lat' dir='ltr'>magna</span> 
     </span>
    </p>
   </div>
   <div class='ocr_carea' id='block_1_3' title="bbox 59 3998 1225 4496">
    <p class='ocr_par' dir='ltr' id='par_1_3' title="bbox 59 3998 1225 4409">
     <span class='ocr_line' id='line_1_34' title="bbox 127 3998 1225 4075; baseline 0.001 -21"><span class='ocrx_word' id='word_1_295' title='bbox 127 4000 160 4069; x_wconf 73' lang='lat' dir='ltr'>a)</span> <span class='ocrx_word' id='word_1_296' title='bbox 181 3999 282 4054; x_wconf 86' lang='lat' dir='ltr'>Omnia</span> <span class='ocrx_word' id='word_1_297' title='bbox 299 4000 370 4054; x_wconf 89' lang='lat' dir='ltr'>haee</span> <span class='ocrx_word' id='word_1_298' title='bbox 387 3999 444 4054; x_wconf 88' lang='lat' dir='ltr'>iam</span> <span class='ocrx_word' id='word_1_299' title='bbox 463 3999 567 4068; x_wconf 87' lang='lat' dir='ltr'>scripta</span> <span class='ocrx_word' id='word_1_300' title='bbox 586 4000 666 4052; x_wconf 86' lang='lat' dir='ltr'>erant</span> <span class='ocrx_word' id='word_1_301' title='bbox 684 3999 712 4052; x_wconf 91' lang='lat' dir='ltr'>et</span> <span class='ocrx_word' id='word_1_302' title='bbox 729 3999 914 4075; x_wconf 83' lang='lat' dir='ltr'>typographo</span> <span class='ocrx_word' id='word_1_303' title='bbox 925 3998 1041 4068; x_wconf 87' lang='lat' dir='ltr'>tradita,</span> <span class='ocrx_word' id='word_1_304' title='bbox 1068 4019 1131 4055; x_wconf 91' lang='lat' dir='ltr'>cum</span> <span class='ocrx_word' id='word_1_305' title='bbox 1153 4002 1225 4056; x_wconf 91' lang='lat' dir='ltr'>hanc</span> 
     </span>
     <span class='ocr_line' id='line_1_35' title="bbox 60 4085 1224 4158; baseline 0.006 -21"><span class='ocrx_word' id='word_1_306' title='bbox 60 4088 243 4142; x_wconf 85' lang='lat' dir='ltr'>coniecturam</span> <span class='ocrx_word' id='word_1_307' title='bbox 260 4086 373 4156; x_wconf 86' lang='lat' dir='ltr'>repperi</span> <span class='ocrx_word' id='word_1_308' title='bbox 389 4087 446 4140; x_wconf 86' lang='lat' dir='ltr'>iam</span> <span class='ocrx_word' id='word_1_309' title='bbox 465 4087 501 4141; x_wconf 90' lang='lat' dir='ltr'>ab</span> <span class='ocrx_word' id='word_1_310' title='bbox 514 4085 655 4140; x_wconf 86' lang='lat' dir='ltr'>Urlichaio</span> <span class='ocrx_word' id='word_1_311' title='bbox 669 4087 809 4155; x_wconf 86' lang='lat' dir='ltr'>prolatam</span> <span class='ocrx_word' id='word_1_312' title='bbox 827 4104 898 4156; x_wconf 89' lang='lat' dir='ltr'>esse,</span> <span class='ocrx_word' id='word_1_313' title='bbox 914 4087 947 4152; x_wconf 74' lang='lat' dir='ltr'>id</span> <span class='ocrx_word' id='word_1_314' title='bbox 965 4089 1040 4156; x_wconf 91' lang='lat' dir='ltr'>quod</span> <span class='ocrx_word' id='word_1_315' title='bbox 1057 4089 1150 4144; x_wconf 91' lang='lat' dir='ltr'>nescio</span> <span class='ocrx_word' id='word_1_316' title='bbox 1169 4107 1224 4158; x_wconf 91' lang='lat' dir='ltr'>quo</span> 
     </span>
     <span class='ocr_line' id='line_1_36' title="bbox 61 4175 1224 4246; baseline 0.005 -21"><span class='ocrx_word' id='word_1_317' title='bbox 61 4189 121 4229; x_wconf 85' lang='lat' dir='ltr'>casu</span> <span class='ocrx_word' id='word_1_318' title='bbox 138 4193 183 4229; x_wconf 89' lang='lat' dir='ltr'>me</span> <span class='ocrx_word' id='word_1_319' title='bbox 200 4175 320 4244; x_wconf 82' lang='lat' dir='ltr'>fugerat.</span> <span class='ocrx_word' id='word_1_320' title='bbox 358 4175 411 4229; x_wconf 90' lang='lat' dir='ltr'>etsi</span> <span class='ocrx_word' id='word_1_321' title='bbox 429 4175 517 4244; x_wconf 83' lang='lat' dir='ltr'>igitur</span> <span class='ocrx_word' id='word_1_322' title='bbox 534 4177 626 4230; x_wconf 88' lang='lat' dir='ltr'>toturn</span> <span class='ocrx_word' id='word_1_323' title='bbox 643 4176 717 4230; x_wconf 89' lang='lat' dir='ltr'>hunc</span> <span class='ocrx_word' id='word_1_324' title='bbox 735 4177 828 4230; x_wconf 90' lang='lat' dir='ltr'>locum</span> <span class='ocrx_word' id='word_1_325' title='bbox 848 4177 1020 4246; x_wconf 88' lang='lat' dir='ltr'>supprimere</span> <span class='ocrx_word' id='word_1_326' title='bbox 1037 4195 1094 4231; x_wconf 90' lang='lat' dir='ltr'>non</span> <span class='ocrx_word' id='word_1_327' title='bbox 1113 4179 1224 4246; x_wconf 88' lang='lat' dir='ltr'>licebat,</span> 
     </span>
     <span class='ocr_line' id='line_1_37' title="bbox 59 4260 1223 4333; baseline 0.003 -19"><span class='ocrx_word' id='word_1_328' title='bbox 59 4260 157 4320; x_wconf 86' lang='lat' dir='ltr'>licebat</span> <span class='ocrx_word' id='word_1_329' title='bbox 176 4269 270 4318; x_wconf 89' lang='lat' dir='ltr'>tamen</span> <span class='ocrx_word' id='word_1_330' title='bbox 283 4263 408 4330; x_wconf 88' lang='lat' dir='ltr'>nomine,</span> <span class='ocrx_word' id='word_1_331' title='bbox 427 4266 459 4317; x_wconf 91' lang='lat' dir='ltr'>ut</span> <span class='ocrx_word' id='word_1_332' title='bbox 477 4264 652 4330; x_wconf 88' lang='lat' dir='ltr'>factumest,</span> <span class='ocrx_word' id='word_1_333' title='bbox 673 4263 802 4333; x_wconf 85' lang='lat' dir='ltr'>apposito</span> <span class='ocrx_word' id='word_1_334' title='bbox 817 4265 1020 4320; x_wconf 89' lang='lat' dir='ltr'>emendationis</span> <span class='ocrx_word' id='word_1_335' title='bbox 1034 4265 1142 4320; x_wconf 88' lang='lat' dir='ltr'>auctori</span> <span class='ocrx_word' id='word_1_336' title='bbox 1161 4265 1223 4318; x_wconf 85' lang='lat' dir='ltr'>doc-</span> 
     </span>
     <span class='ocr_line' id='line_1_38' title="bbox 60 4348 605 4409; baseline 0.013 -9"><span class='ocrx_word' id='word_1_337' title='bbox 60 4348 163 4406; x_wconf 86' lang='lat' dir='ltr'>tissimo</span> <span class='ocrx_word' id='word_1_338' title='bbox 183 4352 308 4409; x_wconf 87' lang='lat' dir='ltr'>debitum</span> <span class='ocrx_word' id='word_1_339' title='bbox 327 4352 462 4406; x_wconf 90' lang='lat' dir='ltr'>honorem</span> <span class='ocrx_word' id='word_1_340' title='bbox 480 4353 605 4408; x_wconf 84' lang='lat' dir='ltr'>reddere.</span> 
     </span>
    </p>

    <p class='ocr_par' dir='ltr' id='par_1_4' title="bbox 996 4447 1010 4496">
     <span class='ocr_line' id='line_1_39' title="bbox 996 4447 1010 4496; baseline 0 0"><span class='ocrx_word' id='word_1_341' title='bbox 996 4447 1010 4496; x_wconf 73' lang='lat'>⁷</span> 
     </span>
    </p>
   </div>
   <div class='ocr_carea' id='block_1_4' title="bbox 0 0 1613 5088">
    <p class='ocr_par' dir='ltr' id='par_1_5' title="bbox 0 0 1613 5088">
     <span class='ocr_line' id='line_1_40' title="bbox 0 0 1613 5088; baseline 0 0"><span class='ocrx_word' id='word_1_342' title='bbox 0 0 1613 5088; x_wconf 95' lang='lat' dir='ltr'> </span> 
     </span>
    </p>
   </div>
  </div>
 </body>
</html>
