3212 5088
590 397 748 494 ,Ξῖ-,1.

80 591 176 673 plura
196 595 229 655 et
247 591 449 656 accuratiora
467 591 591 676 profert
610 614 707 676 quarn
722 591 967 675 Theophrastus
987 595 1020 656 et
1038 590 1252 677 Dioscorides,

81 698 138 761 sed
162 698 262 762 etiam
285 697 323 761 de
346 698 442 762 rebus
466 697 582 763 iisdem
605 699 700 785 longe
725 699 790 765 alia
812 703 932 764 narrat.
956 700 1089 784 longum
1114 703 1172 783 est,
1192 699 1254 763 etsi

79 805 114 867 in
141 809 296 888 promptu
326 808 415 889 sunt,
442 806 532 870 locos
561 806 729 871 subtexere
761 827 881 890 omnes,
913 805 1029 890 quibus
1052 806 1196 888 hiinter
1220 825 1253 870 se

80 913 276 977 conveniunt
304 912 483 996 quibusque
513 914 669 978 alteruter
697 935 770 977 cum
796 912 902 978 Plinio
932 915 989 976 aut
1011 912 1174 977 consentit
1197 914 1254 976 aut

79 1017 245 1083 dissentit:
275 1018 486 1084 dissensionis
513 1019 575 1084 hoc
603 1041 702 1084 unum
730 1019 829 1086 affero
859 1019 1042 1102 exemplum
1065 1019 1191 1104 insigne
1216 1018 1254 1082 de

78 1123 236 1189 incisione
261 1125 395 1209 arboris,
419 1124 457 1188 de
481 1148 543 1209 qua
565 1127 662 1208 plane
687 1126 798 1192 eadem
820 1126 943 1191 habent

201 1231 363 1314 Theophr.
386 1230 434 1295 IX
458 1233 487 1318 6,
511 1234 532 1296 2
845 1233 992 1299 Diosccr.
1011 1232 1027 1296 I
1053 1234 1092 1298 18

78 1337 117 1401 τὸ
137 1339 172 1400 δὲ
193 1336 331 1416 δάκρυον
347 1322 561 1420 ἀποέντομῆ(
576 1345 647 1405 cul·
684 1344 722 1406 τὸ
756 1342 790 1404 δὲ
820 1339 1046 1420 ὀποβάλιαμον
1075 1337 1251 1416 λεγόμενον

80 1446 194 1523 λέγειν,
212 1447 409 1524 ἐντέμνειν
425 1449 459 1511 δὲ
476 1445 582 1513 ὄνυξι
598 1469 648 1511 τι·
687 1449 827 1515 ὀπίζεται
852 1449 888 1512 ἐν
911 1451 979 1513 τοῖς
998 1447 1061 1510 ὑπὸ
1080 1447 1159 1509 κύνα
1178 1446 1252 1510 καύ-
1302 1487 1305 1494 -

79 1555 211 1630 δηροῖ(
235 1553 298 1616 ὑπὸ
323 1554 360 1617 τὸ
384 1551 565 1633 ἄττρον.,.
684 1575 787 1634 μαειν,
823 1554 1108 1633 ἐντεμνομένου
1149 1555 1251 1632 αιδη-

687 1666 769 1741 pote
793 1659 899 1726 ὄνυξι
922 1665 981 1724 τοῦ
1005 1662 1148 1738 δένδρου.

78 1764 120 1826 ab
144 1765 196 1828 his
221 1770 377 1849 quantum
401 1768 502 1832 distat
525 1768 650 1833 Plinius
674 1771 693 1849 ξ
720 1768 799 1832 115:
823 1769 971 1832 inciditur
993 1768 1107 1845 vitre,
1131 1767 1254 1850 tepide

77 1871 239 1936 osseisve
261 1874 399 1938 cultellis.
417 1875 502 1955 ferro
525 1876 605 1940 laedi
619 1877 730 1940 citatio
743 1876 815 1953 odit,
830 1876 976 1939 cernitur
983 1875 1139 1956 protinus,
1152 1875 1254 1939 eodem

77 1981 237 2058 ouantori
258 2001 447 2063 supervento
465 1983 598 2064 potiens,
622 2004 703 2065 quae
726 1980 915 2045 muniuntur
937 1981 1126 2044 testimonio
1146 1980 1253 2046 Taciti

77 2083 156 2147 hist.
179 2083 210 2148 V
235 2087 263 2170 6,
289 2088 343 2170 qui
365 2087 464 2153 Plinii
487 2089 588 2154 rerba
612 2089 681 2153 sine
705 2088 803 2153 dubio
826 2087 919 2152 novit
942 2089 974 2149 et
994 2087 1028 2150 in
1046 2109 1140 2151 suum
1158 2111 1252 2154 usum

79 2193 241 2256 convertit
255 2189 325 2280 (cfr.
339 2193 499 2260 Nissenus
514 2219 595 2260 mus.
609 2195 711 2259 Rhen.
730 2195 793 2261 vol.
811 2193 920 2257 XXVI
939 2195 980 2274 [a.
997 2193 1095 2274 1871]
1115 2215 1145 2279 p.
1160 2193 1252 2281 541):

78 2300 108 2362 si
130 2299 193 2362 cim
213 2300 293 2380 ferri
315 2302 469 2380 adhibens,
486 2308 603 2384 paueret
624 2324 730 2367 oenoe:
751 2302 908 2384 frowine
927 2300 1066 2382 lepidis
1085 2306 1141 2364 oret
1159 2306 1252 2366 testo

76 2407 271 2485 operiuntur.
295 2429 376 2491 quae
395 2432 469 2472 cum
488 2409 536 2473 ita
561 2410 635 2493 sint,
653 2432 720 2474 non
737 2411 886 2472 nostrum
905 2409 956 2470 est
973 2405 1128 2470 mutando
1148 2408 1251 2490 expri-

76 2533 175 2595 mere,
198 2514 235 2574 ut
259 2533 434 2578 consensus
459 2516 605 2599 exsistat,
629 2515 685 2580 sed
703 2515 862 2606 librorum
881 2513 1042 2596 scriptura
1061 2513 1252 2597 simpliciter

75 2618 218 2682 tenenda
248 2624 299 2684 est
325 2643 383 2684 nec
411 2622 557 2687 vexanda
584 2621 656 2686 Iani
684 2625 875 2705 commento,
903 2621 988 2705 quod
1016 2641 1055 2683 ne
1082 2621 1251 2704 probabile

77 2724 209 2808 quidem
228 2725 291 2791 dici
310 2733 420 2811 queat:
440 2731 564 2794 scilicet
583 2733 620 2793 nt
637 2751 701 2793 una
720 2728 938 2812 discrepantia
953 2730 1133 2811 evanescat,
1149 2727 1251 2792 altera

76 2833 264 2898 obtruditur
290 2833 410 2920 Plinio,
439 2837 507 2920 qui,
536 2858 608 2900 cum
636 2834 881 2919 Theophrastus
915 2833 1035 2898 habeat
1064 2835 1186 2912 καρπὸν
1215 2837 1250 2897 δὲ

75 2939 258 3020 παρόμοιον
281 2949 318 3026 τῇ
338 2942 502 3026 τερμίνθιρ,
522 2943 562 3007 ab
585 2943 648 3007 hoo
667 2941 853 3005 dissentiret
871 2939 974 3004 nihilo
994 2939 1103 3024 setius,
1122 2941 1251 3004 etiarnsi

74 3045 203 3110 fruetus
225 3047 337 3112 tuburi
360 3049 482 3113 similes
506 3071 577 3112 esse
601 3049 798 3112 dicerentur:
821 3069 897 3111 nam
921 3045 1075 3130 quidquid
1099 3045 1136 3110 de
1155 3046 1251 3112 tubu-

74 3152 169 3216 ribus
191 3156 304 3218 narrat
326 3153 388 3219 XV
411 3157 463 3220 47.
486 3153 565 3218 XVI
591 3155 662 3218 103.
685 3153 781 3218 XVII
805 3152 855 3237 75,
878 3151 1056 3217 terebinthi
1080 3155 1165 3217 certe
1184 3175 1250 3217 non

76 3261 163 3322 sunt.
198 3281 234 3324 ac
271 3262 426 3326 tuburum
462 3261 587 3326 fructus
620 3265 695 3325 sunt
727 3262 809 3326 bacis
838 3262 1003 3325 similiores
1033 3281 1127 3341 ρααιτι
1158 3261 1236 3324 rnnl'

75 3361 154 3450 (XV
177 3364 244 3453 47),
267 3368 444 3434 terebinthi
467 3373 575 3432 autem
598 3369 717 3433 semino
740 3365 833 3453 (XVI
854 3364 941 3453 106),
959 3370 997 3430 ut
1014 3366 1153 3431 balsami
1172 3388 1249 3449 quo-

76 3494 140 3556 que
167 3471 290 3537 fruetus
320 3497 338 3538 a
368 3473 474 3539 Plinio
501 3476 620 3539 semino
646 3475 856 3538 nominantur
883 3476 903 3552 ᾗ
929 3473 991 3536 116
1009 3475 1048 3536 et
1074 3474 1144 3557 119,
1169 3495 1249 3558 quae

77 3579 177 3644 verba
200 3579 335 3644 mirifice
359 3581 591 3645 confirmantur
614 3604 633 3644 a
656 3579 846 3646 Dioscorida
870 3581 891 3644 l.
914 3580 934 3642 l.
956 3584 1013 3643 τοῦ
1034 3582 1068 3644 δὲ
1088 3586 1247 3659 καρποῦ..

76 3688 211 3762 ἑκλέγου
240 3687 297 3752 τὸν
326 3689 459 3768 ξανθόν,
486 3691 602 3768 πλήρη,
631 3690 744 3768 μέγαν,
770 3689 878 3768 βαρύν,
901 3686 1060 3752 δάκνοντα
1084 3694 1121 3772 τῇ
1146 3689 1248 3764 γεύτει

75 3794 130 3856 καὶ
153 3799 316 3872 κυροῦντα
331 3846 358 3858 ..
385 3796 517 3874 φέρεται
541 3797 575 3859 δέ
600 3818 628 3859 τι
652 3794 717 3858 ἀπὸ
740 3800 795 3874 τῆς
814 3797 949 3873 Πέτρας,
969 3793 995 3876 ᾧ
1015 3794 1171 3860 δολίζουει
1190 3795 1248 3859 τὸν

76 3899 210 3978 καρπόν,
239 3902 360 3979 (κέρμα
390 3901 530 3985 ὑπερικῷ
556 3901 678 3980 ὅμοιον·
707 3901 788 3980 ὅπερ
812 3902 918 3984 γνώτῃ
942 3902 977 3964 ἐκ
999 3905 1057 3964 τοῦ
1081 3900 1189 3979 μεῖζόν
1212 3923 1246 3964 τε

75 4079 290 4086 *ψ’-...ωυ-

76 4161 185 4216 Plinius
204 4162 296 4233 refert,
316 4181 349 4218 es
367 4182 385 4218 a
402 4165 480 4218 nullo
499 4163 555 4218 alio
575 4163 709 4234 scriptore
727 4167 788 4220 tum
806 4165 909 4221 l'tteris
928 4165 1061 4219 mandata
1074 4163 1168 4233 fuisse,
1182 4164 1247 4219 inde

76 4250 236 4320 contereris,
261 4252 336 4319 quod
359 4253 422 4306 aliis
445 4253 524 4320 loeis,
547 4253 576 4306 in
601 4254 702 4321 quibus
722 4272 750 4308 se
769 4256 859 4308 multa
877 4254 959 4308 aliter
978 4272 1010 4308 uc
1029 4253 1134 4323 priores
1153 4253 1247 4324 prodi-

74 4345 172 4394 turum
195 4357 255 4394 esse
279 4344 454 4411 praemonet,
480 4341 563 4395 simul
586 4345 713 4398 auctores
736 4343 870 4409 nominat,
895 4362 964 4410 quos
984 4343 1126 4396 secuturus
1146 4345 1197 4409 est,
1215 4345 1248 4395 ut

73 4431 113 4483 Vl
134 4437 176 4484 23.
192 4436 234 4483 84.
1070 4507 1085 4554 2
