3212 5088
610 373 769 472 J}-

101 572 218 638 radins.
245 569 302 633 bas
324 569 407 632 enirn
428 568 567 634 ocissinre
590 573 714 650 occupat
735 573 869 647 aestas,
893 569 968 652 qnia
990 575 1063 633 snat
1085 571 1273 635 tenerrimae.

101 699 231 742 0100100
257 677 335 757 cepit
360 676 501 740 decidere.
529 675 718 756 differantur
746 696 815 740 aero
838 678 931 740 etiarn
954 677 988 740 in
1010 677 1168 764 Martiana
1189 698 1273 742 raac-

100 807 163 849 sern
186 784 323 860 callosae,
347 788 453 847 contra
471 803 607 846 nncorenc
628 803 782 865 pnpnaces
801 783 836 847 ob
854 784 944 864 idque
964 783 1120 867 nrinirnae,
1138 785 1273 864 Licinia,

102 891 245 956 Canninio
264 913 288 952 e.
304 911 333 972 q.
352 913 376 954 s.
410 889 467 952 hic
487 887 522 952 in
545 889 708 954 codicibus
728 889 878 953 omnibus
899 891 948 952 est
966 889 1101 971 pluralis
1119 912 1272 956 numerus

100 999 321 1080 colligantur,
350 1017 445 1078 quem
473 996 513 1059 ad
540 995 668 1078 pusiam
698 997 801 1061 solam
825 995 909 1060 falsu
932 994 1108 1060 referentes
1133 997 1272 1062 editores

99 1103 134 1166 in
168 1102 365 1188 singularem
395 1105 615 1186 mutaverunt3
648 1103 703 1166 sed
734 1103 833 1168 trium
864 1123 1018 1186 generum
1041 1125 1122 1187 quae
1146 1125 1272 1168 enume-

99 1213 214 1274 rantur
249 1209 396 1274 collectio
430 1209 648 1300 intellegenda
677 1212 726 1273 est
753 1230 856 1292 neque
885 1207 1055 1291 quicquam
1082 1209 1272 1275 mutandum

99 1315 163 1379 nisi
188 1317 313 1398 prirna,
341 1315 375 1377 in
400 1316 490 1380 cuius
515 1315 664 1406 1000111111
687 1315 750 1378 fine
774 1337 789 1378 e
811 1314 922 1377 littera
944 1318 1079 1397 propter
1103 1320 1271 1399 sequentes
1294 1353 1296 1358 ·

100 1443 178 1486 casu
208 1418 411 1507 intercidit.⁷)
444 1444 502 1486 nec
535 1421 642 1486 minus
674 1420 794 1484 falsum
824 1424 883 1502 est,
913 1422 949 1483 ut
975 1420 1038 1486 hcc
1066 1444 1192 1506 quoque
1218 1424 1271 1489 hic

100 1550 260 1612 moneam,
284 1526 369 1611 quod
392 1525 519 1612 Silligio
544 1531 674 1592 auctore
699 1527 830 1592 exsulo
855 1529 963 1592 codice
988 1551 1006 1592 a
1032 1532 1197 1611 receptum
1221 1534 1271 1594 est

98 1641 224 1718 ocaarat
254 1639 363 1718 aestas,
395 1633 480 1717 quod
512 1656 547 1697 re
579 1657 655 1699 vera
685 1631 739 1698 viic
771 1637 881 1718 potest
910 1635 1055 1719 intellegi
1086 1621 1119 1699 et
1141 1640 1270 1718 praeter

98 1741 327 1806 necessitatem
350 1741 530 1805 orationem
554 1741 727 1823 abruptam
750 1739 864 1803 reddit.
889 1741 988 1805 ceteri
1010 1741 1129 1805 rectius
1147 1741 1270 1806 habent

98 1853 267 1931 nominatae,
292 1847 377 1930 quod
398 1850 518 1930 puncto
538 1850 615 1930 post
638 1847 802 1912 1001111010
821 1846 925 1911 (101010
946 1869 1018 1911 cum
1036 1847 1143 1912 verbis
1162 1850 1270 1930 poste-

97 1955 238 2019 rioribus
262 1953 459 2040 iungendum
484 1975 553 2020 esse
578 1953 681 2042 elucet
705 1975 743 2016 ex
767 1953 937 2036 aptissima
956 1954 1169 2039 oppositione,
1189 1975 1269 2036 quae

96 2063 133 2125 in
161 2061 223 2125 hoc
253 2062 325 2126 loco
353 2060 529 2124 manifesta
559 2063 617 2124 est.
646 2059 759 2141 posiae
790 2059 874 2143 enim
907 2064 939 2124 et
962 2060 1106 2125 orchitae
1131 2064 1163 2124 et
1186 2061 1269 2125 radii

97 2169 212 2251 olivae,
240 2168 315 2251 quia
348 2170 423 2230 sunt
446 2166 649 2249 tenerrimae,
674 2164 822 2229 ocissime
834 2187 958 2254 ‘umore
980 2167 1114 2250 ideoque
1139 2189 1269 2232 amurca

98 2272 170 2359 (cfr.
188 2277 208 2353 ξ
224 2271 259 2358 9)
279 2276 487 2357 occupantur,
506 2274 681 2356 occupatas
701 2293 833 2337 amurca
852 2273 939 2358 cogit
958 2272 1115 2360 decidere3
1134 2277 1268 2360 ceterae,

96 2380 174 2464 quia
198 2382 273 2444 sunt
296 2378 436 2444 callosae
456 2383 489 2443 et
507 2382 621 2444 contra
639 2399 785 2443 umorem
803 2399 977 2464 pugnaces
996 2379 1102 2443 miuus
1121 2380 1269 2446 celeriter

96 2509 230 2552 amurca
253 2489 451 2570 occupentur
474 2507 533 2551 nec
556 2483 716 2569 decidunt,
738 2485 849 2569 itaque
871 2489 947 2569 post
974 2486 1048 2550 illas
1072 2486 1269 2572 colliguntur

96 2598 195 2676 atque
218 2593 408 2656 differuntur
431 2592 530 2655 etiam
553 2591 587 2655 in
609 2591 764 2655 Martium
792 2613 944 2656 mensem.
971 2596 1085 2658 natum
1108 2597 1268 2659 001111011-

96 2702 174 2764 dum
202 2701 236 2763 in
264 2699 372 2766 codice
397 2721 415 2761 a
439 2721 478 2760 ex
501 2704 534 2760 at
557 2697 685 2780 syllaba
708 2697 792 2762 falso
816 2699 981 2782 geminata
1004 2705 1205 2786 acarnanas,
1229 2723 1267 2766 ex

96 2829 161 2891 qua
194 2806 308 2888 scriba,
340 2804 378 2868 de
412 2826 475 2888 quo
508 2803 594 2866 infra
623 2804 754 2869 uberius
785 2805 1031 2891 disputabimus
1061 2807 1155 2872 finxit
1183 2810 1267 2892 quod

95 2914 235 2978 editores
259 2911 377 2975 iniuria
399 2907 655 2994 probaverunt.⁸>
684 2911 769 2975 idern
793 2911 899 2976 scriba
922 2914 1020 2978 etiam
1043 2914 1090 2978 IX
1113 2915 1154 2980 57
1173 2937 1266 2998 prac-

171 3091 190 3160 7)
209 3090 288 3144 Idem
305 3086 438 3142 mendum
455 3085 579 3139 nondum
599 3085 740 3140 sublatum
760 3089 802 3140 est
831 3088 948 3142 XXVIII
964 3096 986 3156 1,
1001 3090 1051 3144 ubi
1068 3091 1188 3146 editores
1204 3109 1267 3147 cum

93 3179 134 3250 V'l
158 3177 325 3248 singularem
348 3193 494 3231 numerum
522 3174 703 3245 scripserunt:
730 3177 805 3230 dicta
828 3181 886 3230 erat
910 3183 1013 3232 natara
1031 3180 1152 3234 anniani
1176 3197 1266 3235 rernm

94 3270 168 3321 inter
184 3268 286 3322 coclara
305 3272 434 3321 aeternas
448 3266 617 3320 nemoralium
631 3265 821 3334 restabantque
834 3283 972 3335 arraeqaae
988 3283 1021 3320 ea
1037 3268 1100 3336 ipsa
1113 3269 1207 3322 tellnrc
1224 3270 1265 3336 so·

93 3359 212 3412 cliantar
224 3357 275 3412 cet.
296 3355 345 3410 sed
356 3353 614 3408 cumV¹Rhabeant
627 3355 701 3408 dicta
716 3360 803 3420 erant,
813 3357 930 3423 apparet
943 3371 1000 3408 nou
1009 3354 1037 3408 in
1048 3355 1133 3410 verbo
1143 3360 1265 3412 erratum

94 3463 165 3514 esse,
178 3446 226 3499 sed
240 3463 253 3500 e
266 3445 391 3499 litteram
405 3442 520 3513 periisse
535 3443 600 3496 ante
616 3444 669 3497 eet
683 3460 698 3497 o
714 3445 742 3498 et
756 3443 1265 3514 00110010101110011101111,0010101110

93 3533 255 3589 coniectura
269 3533 396 3600 correxit,
410 3549 527 3602 parvum
542 3548 663 3585 errorem
683 3529 800 3585 auxisse.
815 3531 953 3601 pluralem
964 3550 1118 3602 numerum,
1131 3534 1179 3603 qui
1190 3537 1265 3591 recte

93 3625 219 3678 servatus
239 3623 329 3677 estin
348 3623 366 3675 d
385 3623 473 3678 diotae
491 3619 570 3676 e'raat
596 3626 721 3687 natarac,
741 3619 943 3674 restituendum
968 3637 1028 3676 esse
1052 3621 1134 3676 docet
1151 3624 1196 3678 vel
1215 3628 1229 3688 ξ
1249 3631 1264 3678 3
1308 3610 1310 3614 ’

93 3715 168 3768 iliad
181 3714 353 3768 adnroaaisse
364 3727 497 3780 perqnanr
509 3710 690 3764 necessariam
704 3714 742 3762 est
755 3710 852 3762 dictas
866 3710 922 3762 1010
937 3727 954 3762 0
968 3709 1046 3762 nobis
1059 3715 1188 3766 ocatnras
1202 3714 1264 3766 ani-

94 3802 245 3856 1110110110.
261 3820 286 3870 q.
302 3819 322 3855 s.
339 3799 386 3856 cfr.
402 3781 488 3853 etiam
502 3798 553 3852 XII
570 3803 592 3852 1.
607 3797 647 3851 XI
662 3804 686 3852 8.
702 3797 819 3851 XXXVI
834 3803 893 3864 126,
908 3795 957 3851 alii
969 3796 1025 3851 loci
1039 3797 1128 3854 multi.

168 3891 188 3958 ⁸)
208 3889 333 3944 SimUcm
352 3901 474 3942 errorem
491 3885 670 3941 librariorum
689 3883 808 3940 editores
828 3886 1002 3954 agnoverunt
1019 3886 1044 3939 X
1064 3893 1097 3942 69
1118 3887 1170 3956 (oti
1187 3894 1264 3960 aves)

93 3979 273 4047 ponclascalis
297 3979 422 4046 lapidant
445 3975 620 4046 adprehensis
645 3979 694 4028 ant
716 3979 826 4043 pattnre
848 3975 952 4028 larena
970 3977 1069 4044 repleto
1087 3979 1265 4034 stabilitae

93 4068 197 4137 colant,
220 4066 269 4120 ubi
293 4066 401 4123 codices
423 4067 573 4120 stabilitate
596 4062 734 4118 exhibent.
767 4064 797 4116 at
819 4080 909 4118 nonne
928 4063 1013 4118 scribi
1035 4064 1139 4134 poterit
1156 4069 1264 4124 stabili-

93 4153 196 4210 tatae?
221 4172 288 4209 nam
311 4154 342 4208 in
366 4172 434 4210 voce
460 4153 585 4210 solitaria
608 4152 684 4223 apud
705 4151 827 4208 Plinium
849 4152 896 4207 vix
918 4152 972 4207 erit
994 4152 1196 4226 offendendum,
1216 4158 1265 4226 qui

60 4273 79 4295 -.
93 4245 170 4300 solus
190 4245 276 4299 semel
294 4235 441 4315 usurpavit
458 4245 536 4299 XXV
555 4249 588 4299 51
607 4242 1262 4312 1010111101ος001100110010011011111011110οε-

91 4333 156 4388 kius
181 4332 211 4387 in
235 4331 378 4402 Pliniana,
401 4332 555 4389 Posuauiae
582 4339 658 4388 1847.
686 4335 722 4388 010
747 4334 819 4388 hano
846 4348 957 4388 eausam
977 4331 1031 4386 luc.
1051 4350 1077 4401 p.
1098 4335 1207 4389 94101.
1228 4342 1261 4392 58

91 4421 169 4476 suasi
186 4423 218 4476 ut
236 4438 270 4476 ex
287 4423 317 4476 M
334 4421 504 4492 reciperetur
520 4423 680 4492 spiritantes
697 4421 736 4477 XI
755 4429 814 4477 213.
