<?xml version="1.0" encoding="UTF-8"?>
<!DOCTYPE html PUBLIC "-//W3C//DTD XHTML 1.0 Transitional//EN"
    "http://www.w3.org/TR/xhtml1/DTD/xhtml1-transitional.dtd">
<html xmlns="http://www.w3.org/1999/xhtml" xml:lang="en" lang="en">
 <head>
  <title>
</title>
<meta http-equiv="Content-Type" content="text/html;charset=utf-8" />
  <meta name='ocr-system' content='tesseract 3.04.00' />
  <meta name='ocr-capabilities' content='ocr_page ocr_carea ocr_par ocr_line ocrx_word'/>
</head>
<body>
  <div class='ocr_page' id='page_1' title='image "./novaelucubratio00mayhgoog_0043.png"; bbox 0 0 3212 5088; ppageno 0'>
   <div class='ocr_carea' id='block_1_1' title="bbox 904 297 945 360">
    <p class='ocr_par' dir='ltr' id='par_1_1' title="bbox 904 297 945 360">
     <span class='ocr_line' id='line_1_1' title="bbox 904 297 945 360; baseline 0.024 -3"><span class='ocrx_word' id='word_1_1' title='bbox 904 297 945 360; x_wconf 73' lang='lat' dir='ltr'>ao</span> 
     </span>
    </p>
   </div>
   <div class='ocr_carea' id='block_1_2' title="bbox 336 489 1580 4418">
    <p class='ocr_par' dir='ltr' id='par_1_2' title="bbox 336 489 1580 3987">
     <span class='ocr_line' id='line_1_2' title="bbox 341 489 1515 576; baseline -0.002 -20"><span class='ocrx_word' id='word_1_2' title='bbox 341 489 456 556; x_wconf 84' lang='lat' dir='ltr'>idonea</span> <span class='ocrx_word' id='word_1_3' title='bbox 470 513 550 576; x_wconf 85' lang='lat' dir='ltr'>quae</span> <span class='ocrx_word' id='word_1_4' title='bbox 565 489 686 556; x_wconf 84' lang='lat' dir='ltr'>efficiat</span> <span class='ocrx_word' id='word_1_5' title='bbox 700 491 791 556; x_wconf 90' lang='lat' dir='ltr'>illum</span> <span class='ocrx_word' id='word_1_6' title='bbox 806 514 901 576; x_wconf 88' lang='lat' dir='ltr'>quem</span> <span class='ocrx_word' id='word_1_7' title='bbox 916 491 1077 556; x_wconf 72' lang='lat' dir='ltr'>desiderat</span> <span class='ocrx_word' id='word_1_8' title='bbox 1091 513 1292 556; x_wconf 85' lang='lat' dir='ltr'>consensum.</span> <span class='ocrx_word' id='word_1_9' title='bbox 1326 513 1401 555; x_wconf 86' lang='lat' dir='ltr'>nam</span> <span class='ocrx_word' id='word_1_10' title='bbox 1415 492 1515 576; x_wconf 83' lang='lat' dir='ltr'>longe</span> 
     </span>
     <span class='ocr_line' id='line_1_3' title="bbox 342 597 1514 682; baseline -0.002 -20"><span class='ocrx_word' id='word_1_11' title='bbox 342 597 406 662; x_wconf 83' lang='lat' dir='ltr'>alia</span> <span class='ocrx_word' id='word_1_12' title='bbox 433 601 544 662; x_wconf 85' lang='lat' dir='ltr'>narrat</span> <span class='ocrx_word' id='word_1_13' title='bbox 567 597 773 682; x_wconf 86' lang='lat' dir='ltr'>Aristoteles,</span> <span class='ocrx_word' id='word_1_14' title='bbox 803 599 858 682; x_wconf 91' lang='lat' dir='ltr'>qui</span> <span class='ocrx_word' id='word_1_15' title='bbox 887 598 925 663; x_wconf 89' lang='lat' dir='ltr'>de</span> <span class='ocrx_word' id='word_1_16' title='bbox 953 599 1009 678; x_wconf 89' lang='lat' dir='ltr'>iis,</span> <span class='ocrx_word' id='word_1_17' title='bbox 1040 599 1094 682; x_wconf 92' lang='lat' dir='ltr'>qui</span> <span class='ocrx_word' id='word_1_18' title='bbox 1125 620 1201 682; x_wconf 89' lang='lat' dir='ltr'>apes</span> <span class='ocrx_word' id='word_1_19' title='bbox 1229 620 1287 662; x_wconf 91' lang='lat' dir='ltr'>nec</span> <span class='ocrx_word' id='word_1_20' title='bbox 1316 620 1431 681; x_wconf 88' lang='lat' dir='ltr'>parere</span> <span class='ocrx_word' id='word_1_21' title='bbox 1454 620 1514 660; x_wconf 84' lang='lat' dir='ltr'>nec</span> 
     </span>
     <span class='ocr_line' id='line_1_4' title="bbox 342 703 1515 791; baseline -0.001 -23"><span class='ocrx_word' id='word_1_22' title='bbox 342 705 441 788; x_wconf 87' lang='lat' dir='ltr'>coire,</span> <span class='ocrx_word' id='word_1_23' title='bbox 465 706 518 770; x_wconf 86' lang='lat' dir='ltr'>scd</span> <span class='ocrx_word' id='word_1_24' title='bbox 543 705 668 788; x_wconf 89' lang='lat' dir='ltr'>prolem</span> <span class='ocrx_word' id='word_1_25' title='bbox 693 706 819 770; x_wconf 79' lang='lat' dir='ltr'>aliunde</span> <span class='ocrx_word' id='word_1_26' title='bbox 843 705 926 770; x_wconf 88' lang='lat' dir='ltr'>ferre</span> <span class='ocrx_word' id='word_1_27' title='bbox 951 707 1115 791; x_wconf 89' lang='lat' dir='ltr'>dicebant,</span> <span class='ocrx_word' id='word_1_28' title='bbox 1142 705 1173 770; x_wconf 86' lang='lat' dir='ltr'>V</span> <span class='ocrx_word' id='word_1_29' title='bbox 1197 707 1238 769; x_wconf 83' lang='lat'>21</span> <span class='ocrx_word' id='word_1_30' title='bbox 1263 729 1294 790; x_wconf 90' lang='lat' dir='ltr'>p.</span> <span class='ocrx_word' id='word_1_31' title='bbox 1318 705 1381 770; x_wconf 79' lang='lat'>553</span> <span class='ocrx_word' id='word_1_32' title='bbox 1396 703 1440 788; x_wconf 90' lang='lat' dir='ltr'>A,</span> <span class='ocrx_word' id='word_1_33' title='bbox 1470 705 1515 767; x_wconf 70' lang='lat'>‘2⁰</span> 
     </span>
     <span class='ocr_line' id='line_1_5' title="bbox 340 809 1515 899; baseline -0.003 -23"><span class='ocrx_word' id='word_1_34' title='bbox 340 811 439 876; x_wconf 85' lang='lat' dir='ltr'>habet</span> <span class='ocrx_word' id='word_1_35' title='bbox 462 811 557 876; x_wconf 89' lang='lat' dir='ltr'>baec:</span> <span class='ocrx_word' id='word_1_36' title='bbox 588 815 700 892; x_wconf 87' lang='grc' dir='ltr'>φέρειν</span> <span class='ocrx_word' id='word_1_37' title='bbox 724 814 759 878; x_wconf 87' lang='grc' dir='ltr'>οἱ</span> <span class='ocrx_word' id='word_1_38' title='bbox 784 815 851 892; x_wconf 77' lang='grc' dir='ltr'>μὲν</span> <span class='ocrx_word' id='word_1_39' title='bbox 874 809 999 899; x_wconf 75' lang='grc' dir='ltr'>(φαείν)</span> <span class='ocrx_word' id='word_1_40' title='bbox 1024 813 1088 878; x_wconf 89' lang='grc' dir='ltr'>ἀπὸ</span> <span class='ocrx_word' id='word_1_41' title='bbox 1107 817 1165 878; x_wconf 84' lang='grc' dir='ltr'>τοῦ</span> <span class='ocrx_word' id='word_1_42' title='bbox 1186 813 1397 892; x_wconf 82' lang='grc' dir='ltr'>καλλύντρου,</span> <span class='ocrx_word' id='word_1_43' title='bbox 1421 813 1457 875; x_wconf 84' lang='grc' dir='ltr'>οἱ</span> <span class='ocrx_word' id='word_1_44' title='bbox 1482 812 1515 873; x_wconf 82' lang='lat' dir='ltr'>o&#39;</span> 
     </span>
     <span class='ocr_line' id='line_1_6' title="bbox 341 919 1515 1000; baseline -0.002 -18"><span class='ocrx_word' id='word_1_45' title='bbox 341 919 487 984; x_wconf 81' lang='grc' dir='ltr'>ἀπὸτοῦ</span> <span class='ocrx_word' id='word_1_46' title='bbox 515 919 632 986; x_wconf 67' lang='grc' dir='ltr'>ἄνθους</span> <span class='ocrx_word' id='word_1_47' title='bbox 659 925 718 986; x_wconf 83' lang='grc' dir='ltr'>τοῦ</span> <span class='ocrx_word' id='word_1_48' title='bbox 746 919 902 1000; x_wconf 77' lang='grc' dir='ltr'>καλάμου,</span> <span class='ocrx_word' id='word_1_49' title='bbox 931 919 1041 984; x_wconf 83' lang='grc' dir='ltr'>ἄλλοι</span> <span class='ocrx_word' id='word_1_50' title='bbox 1071 919 1105 983; x_wconf 81' lang='grc' dir='ltr'>δ’</span> <span class='ocrx_word' id='word_1_51' title='bbox 1133 920 1197 984; x_wconf 88' lang='grc' dir='ltr'>ἀπὸ</span> <span class='ocrx_word' id='word_1_52' title='bbox 1226 923 1284 983; x_wconf 83' lang='grc' dir='ltr'>τοῦ</span> <span class='ocrx_word' id='word_1_53' title='bbox 1312 919 1428 984; x_wconf 70' lang='grc' dir='ltr'>ἄνθους</span> <span class='ocrx_word' id='word_1_54' title='bbox 1457 924 1515 996; x_wconf 78' lang='grc' dir='ltr'>τῆ(</span> 
     </span>
     <span class='ocr_line' id='line_1_7' title="bbox 341 1025 1514 1112; baseline -0.001 -24"><span class='ocrx_word' id='word_1_55' title='bbox 341 1025 457 1090; x_wconf 67' lang='grc' dir='ltr'>ἐλαίας.</span> <span class='ocrx_word' id='word_1_56' title='bbox 486 1025 626 1108; x_wconf 86' lang='lat' dir='ltr'>primum</span> <span class='ocrx_word' id='word_1_57' title='bbox 650 1027 750 1112; x_wconf 74' lang='lat' dir='ltr'>igitur</span> <span class='ocrx_word' id='word_1_58' title='bbox 774 1028 837 1092; x_wconf 87' lang='lat' dir='ltr'>tria</span> <span class='ocrx_word' id='word_1_59' title='bbox 860 1026 1043 1091; x_wconf 87' lang='lat' dir='ltr'>indicantur</span> <span class='ocrx_word' id='word_1_60' title='bbox 1066 1027 1182 1092; x_wconf 88' lang='lat' dir='ltr'>florum</span> <span class='ocrx_word' id='word_1_61' title='bbox 1197 1048 1328 1111; x_wconf 79' lang='lat' dir='ltr'>genera,</span> <span class='ocrx_word' id='word_1_62' title='bbox 1352 1025 1514 1110; x_wconf 85' lang='lat' dir='ltr'>callyntri,</span> 
     </span>
     <span class='ocr_line' id='line_1_8' title="bbox 340 1130 1579 1218; baseline -0.004 -22"><span class='ocrx_word' id='word_1_63' title='bbox 340 1132 471 1216; x_wconf 85' lang='lat' dir='ltr'>calami,</span> <span class='ocrx_word' id='word_1_64' title='bbox 495 1133 611 1218; x_wconf 88' lang='lat' dir='ltr'>olivae,</span> <span class='ocrx_word' id='word_1_65' title='bbox 639 1157 776 1218; x_wconf 73' lang='lat' dir='ltr'>(luorum</span> <span class='ocrx_word' id='word_1_66' title='bbox 800 1157 856 1198; x_wconf 89' lang='lat' dir='ltr'>eur</span> <span class='ocrx_word' id='word_1_67' title='bbox 879 1133 996 1197; x_wconf 81' lang='lat' dir='ltr'>calami</span> <span class='ocrx_word' id='word_1_68' title='bbox 1021 1136 1117 1217; x_wconf 89' lang='lat' dir='ltr'>atque</span> <span class='ocrx_word' id='word_1_69' title='bbox 1142 1133 1245 1198; x_wconf 88' lang='lat' dir='ltr'>olivae</span> <span class='ocrx_word' id='word_1_70' title='bbox 1264 1131 1363 1196; x_wconf 85' lang='lat' dir='ltr'>&#39;fleres</span> <span class='ocrx_word' id='word_1_71' title='bbox 1386 1130 1513 1193; x_wconf 79' lang='lat' dir='ltr'>Plinius</span> <span class='ocrx_word' id='word_1_72' title='bbox 1574 1170 1579 1183; x_wconf 85' lang='lat'>·</span> 
     </span>
     <span class='ocr_line' id='line_1_9' title="bbox 340 1224 1580 1326; baseline -0.005 -24"><span class='ocrx_word' id='word_1_73' title='bbox 340 1241 654 1325; x_wconf 78' lang='lat' dir='ltr'>commemoraverit,</span> <span class='ocrx_word' id='word_1_74' title='bbox 689 1241 840 1326; x_wconf 84' lang='lat' dir='ltr'>eallyntri</span> <span class='ocrx_word' id='word_1_75' title='bbox 869 1241 1016 1304; x_wconf 90' lang='lat' dir='ltr'>omiserit</span> <span class='ocrx_word' id='word_1_76' title='bbox 1042 1262 1108 1304; x_wconf 92' lang='lat' dir='ltr'>uon</span> <span class='ocrx_word' id='word_1_77' title='bbox 1134 1239 1245 1324; x_wconf 87' lang='lat' dir='ltr'>liquet.</span> <span class='ocrx_word' id='word_1_78' title='bbox 1296 1237 1408 1302; x_wconf 90' lang='lat' dir='ltr'>deiude</span> <span class='ocrx_word' id='word_1_79' title='bbox 1436 1259 1513 1302; x_wconf 84' lang='lat' dir='ltr'>vero</span> <span class='ocrx_word' id='word_1_80' title='bbox 1574 1224 1580 1237; x_wconf 82' lang='lat'>&#39;</span> 
     </span>
     <span class='ocr_line' id='line_1_10' title="bbox 340 1344 1516 1430; baseline 0.004 -22"><span class='ocrx_word' id='word_1_81' title='bbox 340 1347 488 1430; x_wconf 85' lang='lat' dir='ltr'>componi</span> <span class='ocrx_word' id='word_1_82' title='bbox 514 1347 555 1412; x_wconf 87' lang='lat' dir='ltr'>ab</span> <span class='ocrx_word' id='word_1_83' title='bbox 579 1347 695 1430; x_wconf 88' lang='lat' dir='ltr'>apibus</span> <span class='ocrx_word' id='word_1_84' title='bbox 718 1347 779 1412; x_wconf 88' lang='lat' dir='ltr'>hes</span> <span class='ocrx_word' id='word_1_85' title='bbox 803 1347 897 1412; x_wconf 84' lang='lat' dir='ltr'>liores</span> <span class='ocrx_word' id='word_1_86' title='bbox 921 1348 1066 1412; x_wconf 90' lang='lat' dir='ltr'>diversos</span> <span class='ocrx_word' id='word_1_87' title='bbox 1090 1351 1218 1410; x_wconf 89' lang='lat' dir='ltr'>tantum</span> <span class='ocrx_word' id='word_1_88' title='bbox 1238 1347 1331 1410; x_wconf 88' lang='lat' dir='ltr'>abest</span> <span class='ocrx_word' id='word_1_89' title='bbox 1353 1349 1390 1408; x_wconf 89' lang='lat' dir='ltr'>ut</span> <span class='ocrx_word' id='word_1_90' title='bbox 1412 1344 1516 1428; x_wconf 55' lang='lat' dir='ltr'>siguin</span> 
     </span>
     <span class='ocr_line' id='line_1_11' title="bbox 340 1449 1513 1538; baseline -0.003 -22"><span class='ocrx_word' id='word_1_91' title='bbox 340 1449 415 1516; x_wconf 83' lang='lat' dir='ltr'>ficet</span> <span class='ocrx_word' id='word_1_92' title='bbox 441 1451 650 1538; x_wconf 88' lang='lat' dir='ltr'>Aristoteles,</span> <span class='ocrx_word' id='word_1_93' title='bbox 681 1457 717 1518; x_wconf 90' lang='lat' dir='ltr'>ut</span> <span class='ocrx_word' id='word_1_94' title='bbox 745 1453 942 1518; x_wconf 89' lang='lat' dir='ltr'>cruditorum</span> <span class='ocrx_word' id='word_1_95' title='bbox 972 1453 1059 1517; x_wconf 90' lang='lat' dir='ltr'>dicat</span> <span class='ocrx_word' id='word_1_96' title='bbox 1091 1452 1128 1514; x_wconf 90' lang='lat' dir='ltr'>de</span> <span class='ocrx_word' id='word_1_97' title='bbox 1159 1453 1274 1518; x_wconf 90' lang='lat' dir='ltr'>florum</span> <span class='ocrx_word' id='word_1_98' title='bbox 1303 1474 1418 1538; x_wconf 85' lang='lat' dir='ltr'>genere</span> <span class='ocrx_word' id='word_1_99' title='bbox 1442 1473 1513 1513; x_wconf 88' lang='lat' dir='ltr'>sen-</span> 
     </span>
     <span class='ocr_line' id='line_1_12' title="bbox 339 1557 1513 1644; baseline -0.005 -20"><span class='ocrx_word' id='word_1_100' title='bbox 339 1557 460 1624; x_wconf 82' lang='lat' dir='ltr'>tentiae</span> <span class='ocrx_word' id='word_1_101' title='bbox 488 1560 649 1644; x_wconf 78' lang='lat' dir='ltr'>triplicem</span> <span class='ocrx_word' id='word_1_102' title='bbox 682 1583 751 1626; x_wconf 90' lang='lat' dir='ltr'>csse</span> <span class='ocrx_word' id='word_1_103' title='bbox 779 1559 1015 1624; x_wconf 80' lang='lat' dir='ltr'>diversitatem:</span> <span class='ocrx_word' id='word_1_104' title='bbox 1054 1559 1109 1622; x_wconf 90' lang='lat' dir='ltr'>alii</span> <span class='ocrx_word' id='word_1_105' title='bbox 1140 1560 1224 1623; x_wconf 89' lang='lat' dir='ltr'>enim</span> <span class='ocrx_word' id='word_1_106' title='bbox 1253 1558 1418 1644; x_wconf 84' lang='lat' dir='ltr'>eallyntri,</span> <span class='ocrx_word' id='word_1_107' title='bbox 1455 1557 1513 1620; x_wconf 90' lang='lat' dir='ltr'>alii</span> 
     </span>
     <span class='ocr_line' id='line_1_13' title="bbox 340 1663 1512 1750; baseline -0.002 -22"><span class='ocrx_word' id='word_1_108' title='bbox 340 1665 470 1750; x_wconf 72' lang='lat' dir='ltr'>‹zalemi‚</span> <span class='ocrx_word' id='word_1_109' title='bbox 499 1665 554 1730; x_wconf 88' lang='lat' dir='ltr'>alii</span> <span class='ocrx_word' id='word_1_110' title='bbox 582 1667 688 1734; x_wconf 90' lang='lat' dir='ltr'>olivae</span> <span class='ocrx_word' id='word_1_111' title='bbox 710 1667 806 1734; x_wconf 88' lang='lat' dir='ltr'>fleres</span> <span class='ocrx_word' id='word_1_112' title='bbox 834 1667 1017 1750; x_wconf 88' lang='lat' dir='ltr'>nominant,</span> <span class='ocrx_word' id='word_1_113' title='bbox 1046 1669 1081 1730; x_wconf 88' lang='lat' dir='ltr'>nt</span> <span class='ocrx_word' id='word_1_114' title='bbox 1105 1669 1190 1730; x_wconf 85' lang='lat' dir='ltr'>certe</span> <span class='ocrx_word' id='word_1_115' title='bbox 1213 1689 1273 1748; x_wconf 88' lang='lat' dir='ltr'>pro</span> <span class='ocrx_word' id='word_1_116' title='bbox 1296 1671 1385 1747; x_wconf 71' lang='lat' dir='ltr'>aterve</span> <span class='ocrx_word' id='word_1_117' title='bbox 1408 1663 1512 1728; x_wconf 88' lang='lat' dir='ltr'>multo</span> 
     </span>
     <span class='ocr_line' id='line_1_14' title="bbox 340 1771 1514 1858; baseline -0.003 -22"><span class='ocrx_word' id='word_1_118' title='bbox 340 1771 458 1836; x_wconf 85' lang='lat' dir='ltr'>rectius</span> <span class='ocrx_word' id='word_1_119' title='bbox 478 1774 716 1856; x_wconf 84' lang='lat' dir='ltr'>exspectaveris</span> <span class='ocrx_word' id='word_1_120' title='bbox 731 1779 794 1838; x_wconf 83' lang='lat' dir='ltr'>ool.</span> <span class='ocrx_word' id='word_1_121' title='bbox 831 1775 939 1858; x_wconf 90' lang='lat' dir='ltr'>itaque</span> <span class='ocrx_word' id='word_1_122' title='bbox 962 1773 1097 1837; x_wconf 88' lang='lat' dir='ltr'>duorum</span> <span class='ocrx_word' id='word_1_123' title='bbox 1113 1773 1304 1837; x_wconf 87' lang='lat' dir='ltr'>alterutrum</span> <span class='ocrx_word' id='word_1_124' title='bbox 1318 1793 1446 1835; x_wconf 88' lang='lat' dir='ltr'>neeesse</span> <span class='ocrx_word' id='word_1_125' title='bbox 1463 1775 1514 1833; x_wconf 88' lang='lat' dir='ltr'>est</span> 
     </span>
     <span class='ocr_line' id='line_1_15' title="bbox 342 1877 1513 1962; baseline 0 -22"><span class='ocrx_word' id='word_1_126' title='bbox 342 1877 457 1942; x_wconf 84' lang='lat' dir='ltr'>statui:</span> <span class='ocrx_word' id='word_1_127' title='bbox 488 1879 515 1942; x_wconf 87' lang='lat' dir='ltr'>si</span> <span class='ocrx_word' id='word_1_128' title='bbox 544 1879 733 1962; x_wconf 84' lang='lat' dir='ltr'>compilavit</span> <span class='ocrx_word' id='word_1_129' title='bbox 755 1879 879 1944; x_wconf 85' lang='lat' dir='ltr'>Plinius</span> <span class='ocrx_word' id='word_1_130' title='bbox 909 1878 994 1942; x_wconf 90' lang='lat' dir='ltr'>hunc</span> <span class='ocrx_word' id='word_1_131' title='bbox 1019 1878 1125 1942; x_wconf 92' lang='lat' dir='ltr'>locum</span> <span class='ocrx_word' id='word_1_132' title='bbox 1149 1877 1409 1962; x_wconf 81' lang='lat' dir='ltr'>Aristotelicum,</span> <span class='ocrx_word' id='word_1_133' title='bbox 1432 1899 1513 1941; x_wconf 76' lang='lat' dir='ltr'>coerr-</span> 
     </span>
     <span class='ocr_line' id='line_1_16' title="bbox 336 1983 1513 2070; baseline 0 -24"><span class='ocrx_word' id='word_1_134' title='bbox 336 1985 448 2066; x_wconf 81' lang='lat' dir='ltr'>posile&#39;s</span> <span class='ocrx_word' id='word_1_135' title='bbox 470 1983 547 2048; x_wconf 83' lang='lat' dir='ltr'>ferri</span> <span class='ocrx_word' id='word_1_136' title='bbox 570 2006 636 2051; x_wconf 90' lang='lat' dir='ltr'>non</span> <span class='ocrx_word' id='word_1_137' title='bbox 658 1989 779 2070; x_wconf 68' lang='lat' dir='ltr'>potest,</span> <span class='ocrx_word' id='word_1_138' title='bbox 804 1987 980 2050; x_wconf 88' lang='lat' dir='ltr'>sinautem</span> <span class='ocrx_word' id='word_1_139' title='bbox 1004 1985 1176 2066; x_wconf 67' lang='lat' dir='ltr'>censuissetis</span> <span class='ocrx_word' id='word_1_140' title='bbox 1188 1984 1395 2048; x_wconf 87' lang='lat' dir='ltr'>librariorum</span> <span class='ocrx_word' id='word_1_141' title='bbox 1411 1985 1513 2048; x_wconf 89' lang='lat' dir='ltr'>errori</span> 
     </span>
     <span class='ocr_line' id='line_1_17' title="bbox 340 2089 1514 2178; baseline -0.001 -25"><span class='ocrx_word' id='word_1_142' title='bbox 340 2089 483 2155; x_wconf 88' lang='lat' dir='ltr'>tribuere</span> <span class='ocrx_word' id='word_1_143' title='bbox 510 2090 674 2178; x_wconf 88' lang='lat' dir='ltr'>nolumus,</span> <span class='ocrx_word' id='word_1_144' title='bbox 703 2093 886 2158; x_wconf 83' lang='lat' dir='ltr'>desinamus</span> <span class='ocrx_word' id='word_1_145' title='bbox 918 2095 1048 2176; x_wconf 87' lang='lat' dir='ltr'>oportet</span> <span class='ocrx_word' id='word_1_146' title='bbox 1074 2090 1223 2155; x_wconf 86' lang='lat' dir='ltr'>fallacem</span> <span class='ocrx_word' id='word_1_147' title='bbox 1251 2091 1412 2174; x_wconf 90' lang='lat' dir='ltr'>quandam</span> <span class='ocrx_word' id='word_1_148' title='bbox 1439 2112 1514 2154; x_wconf 90' lang='lat' dir='ltr'>cum</span> 
     </span>
     <span class='ocr_line' id='line_1_18' title="bbox 341 2193 1514 2282; baseline 0 -22"><span class='ocrx_word' id='word_1_149' title='bbox 341 2193 517 2264; x_wconf 80' lang='lat' dir='ltr'>Aristotele</span> <span class='ocrx_word' id='word_1_150' title='bbox 540 2202 783 2266; x_wconf 83' lang='lat' dir='ltr'>consensionem</span> <span class='ocrx_word' id='word_1_151' title='bbox 807 2198 946 2263; x_wconf 88' lang='lat' dir='ltr'>everbis</span> <span class='ocrx_word' id='word_1_152' title='bbox 970 2201 1168 2280; x_wconf 84' lang='lat' dir='ltr'>extorquere.</span> <span class='ocrx_word' id='word_1_153' title='bbox 1196 2196 1330 2282; x_wconf 89' lang='lat' dir='ltr'>denique</span> <span class='ocrx_word' id='word_1_154' title='bbox 1349 2197 1514 2260; x_wconf 86' lang='lat' dir='ltr'>adverbiis</span> 
     </span>
     <span class='ocr_line' id='line_1_19' title="bbox 340 2301 1513 2390; baseline -0.002 -22"><span class='ocrx_word' id='word_1_155' title='bbox 340 2307 410 2386; x_wconf 75' lang='lat' dir='ltr'>epte</span> <span class='ocrx_word' id='word_1_156' title='bbox 432 2309 521 2390; x_wconf 76' lang='lat' dir='ltr'>atque</span> <span class='ocrx_word' id='word_1_157' title='bbox 534 2308 652 2372; x_wconf 79' lang='lat' dir='ltr'>utiliter</span> <span class='ocrx_word' id='word_1_158' title='bbox 675 2329 782 2372; x_wconf 87' lang='lat' dir='ltr'>carere</span> <span class='ocrx_word' id='word_1_159' title='bbox 797 2305 850 2371; x_wconf 86' lang='lat' dir='ltr'>vix</span> <span class='ocrx_word' id='word_1_160' title='bbox 873 2327 1046 2389; x_wconf 91' lang='lat' dir='ltr'>possumus</span> <span class='ocrx_word' id='word_1_161' title='bbox 1070 2305 1204 2386; x_wconf 89' lang='lat' dir='ltr'>propter</span> <span class='ocrx_word' id='word_1_162' title='bbox 1218 2325 1268 2386; x_wconf 88' lang='lat' dir='ltr'>ea,</span> <span class='ocrx_word' id='word_1_163' title='bbox 1292 2323 1373 2386; x_wconf 91' lang='lat' dir='ltr'>quae</span> <span class='ocrx_word' id='word_1_164' title='bbox 1386 2301 1513 2366; x_wconf 85' lang='lat' dir='ltr'>Plinius</span> 
     </span>
     <span class='ocr_line' id='line_1_20' title="bbox 340 2408 1513 2497; baseline -0.003 -21"><span class='ocrx_word' id='word_1_165' title='bbox 340 2411 415 2478; x_wconf 91' lang='lat' dir='ltr'>huie</span> <span class='ocrx_word' id='word_1_166' title='bbox 439 2413 686 2497; x_wconf 83' lang='lat' dir='ltr'>existimationi,</span> <span class='ocrx_word' id='word_1_167' title='bbox 715 2413 858 2497; x_wconf 90' lang='lat' dir='ltr'>alioquin</span> <span class='ocrx_word' id='word_1_168' title='bbox 882 2435 957 2476; x_wconf 89' lang='lat' dir='ltr'>vero</span> <span class='ocrx_word' id='word_1_169' title='bbox 986 2409 1144 2494; x_wconf 89' lang='lat' dir='ltr'>propiori,</span> <span class='ocrx_word' id='word_1_170' title='bbox 1173 2412 1191 2489; x_wconf 67' lang='grc' dir='ltr'>ξ</span> <span class='ocrx_word' id='word_1_171' title='bbox 1220 2409 1261 2473; x_wconf 82' lang='grc'>47</span> <span class='ocrx_word' id='word_1_172' title='bbox 1291 2408 1403 2473; x_wconf 83' lang='lat' dir='ltr'>obicit:</span> <span class='ocrx_word' id='word_1_173' title='bbox 1431 2431 1513 2492; x_wconf 89' lang='lat' dir='ltr'>quae</span> 
     </span>
     <span class='ocr_line' id='line_1_21' title="bbox 341 2515 1513 2601; baseline -0.001 -22"><span class='ocrx_word' id='word_1_174' title='bbox 341 2518 469 2601; x_wconf 87' lang='lat' dir='ltr'>quidem</span> <span class='ocrx_word' id='word_1_175' title='bbox 493 2521 591 2584; x_wconf 89' lang='lat' dir='ltr'>verba</span> <span class='ocrx_word' id='word_1_176' title='bbox 615 2520 819 2585; x_wconf 90' lang='lat' dir='ltr'>commodum</span> <span class='ocrx_word' id='word_1_177' title='bbox 842 2519 1041 2582; x_wconf 89' lang='lat' dir='ltr'>intellectum</span> <span class='ocrx_word' id='word_1_178' title='bbox 1063 2537 1130 2579; x_wconf 92' lang='lat' dir='ltr'>non</span> <span class='ocrx_word' id='word_1_179' title='bbox 1151 2515 1321 2601; x_wconf 89' lang='lat' dir='ltr'>haberent,</span> <span class='ocrx_word' id='word_1_180' title='bbox 1348 2516 1411 2579; x_wconf 89' lang='lat' dir='ltr'>nisi</span> <span class='ocrx_word' id='word_1_181' title='bbox 1435 2538 1513 2598; x_wconf 85' lang='lat' dir='ltr'>apes</span> 
     </span>
     <span class='ocr_line' id='line_1_22' title="bbox 341 2623 1514 2711; baseline -0.002 -24"><span class='ocrx_word' id='word_1_182' title='bbox 341 2627 472 2708; x_wconf 88' lang='lat' dir='ltr'>putaret</span> <span class='ocrx_word' id='word_1_183' title='bbox 495 2625 584 2708; x_wconf 86' lang='lat' dir='ltr'>ipsas</span> <span class='ocrx_word' id='word_1_184' title='bbox 609 2626 702 2711; x_wconf 89' lang='lat' dir='ltr'>seire,</span> <span class='ocrx_word' id='word_1_185' title='bbox 731 2625 805 2710; x_wconf 82' lang='lat' dir='ltr'>quid</span> <span class='ocrx_word' id='word_1_186' title='bbox 837 2625 899 2689; x_wconf 91' lang='lat' dir='ltr'>sibi</span> <span class='ocrx_word' id='word_1_187' title='bbox 923 2627 1035 2709; x_wconf 87' lang='lat' dir='ltr'>aptum</span> <span class='ocrx_word' id='word_1_188' title='bbox 1070 2628 1165 2707; x_wconf 88' lang='lat' dir='ltr'>atque</span> <span class='ocrx_word' id='word_1_189' title='bbox 1194 2623 1274 2686; x_wconf 85' lang='lat' dir='ltr'>utile</span> <span class='ocrx_word' id='word_1_190' title='bbox 1298 2625 1390 2687; x_wconf 90' lang='lat' dir='ltr'>esset.</span> <span class='ocrx_word' id='word_1_191' title='bbox 1435 2645 1514 2686; x_wconf 91' lang='lat' dir='ltr'>nam</span> 
     </span>
     <span class='ocr_line' id='line_1_23' title="bbox 341 2727 1513 2816; baseline -0.003 -21"><span class='ocrx_word' id='word_1_192' title='bbox 341 2729 529 2796; x_wconf 87' lang='lat' dir='ltr'>incredibile</span> <span class='ocrx_word' id='word_1_193' title='bbox 554 2733 601 2796; x_wconf 90' lang='lat' dir='ltr'>ait</span> <span class='ocrx_word' id='word_1_194' title='bbox 624 2753 695 2797; x_wconf 89' lang='lat' dir='ltr'>esse</span> <span class='ocrx_word' id='word_1_195' title='bbox 710 2733 751 2797; x_wconf 86' lang='lat' dir='ltr'>ab</span> <span class='ocrx_word' id='word_1_196' title='bbox 775 2733 889 2816; x_wconf 89' lang='lat' dir='ltr'>apibus</span> <span class='ocrx_word' id='word_1_197' title='bbox 905 2731 1052 2796; x_wconf 88' lang='lat' dir='ltr'>consulto</span> <span class='ocrx_word' id='word_1_198' title='bbox 1077 2728 1217 2814; x_wconf 84' lang='lat' dir='ltr'>confingi</span> <span class='ocrx_word' id='word_1_199' title='bbox 1233 2751 1309 2812; x_wconf 88' lang='lat' dir='ltr'>apes</span> <span class='ocrx_word' id='word_1_200' title='bbox 1324 2727 1513 2812; x_wconf 85' lang='lat' dir='ltr'>grandiores</span> 
     </span>
     <span class='ocr_line' id='line_1_24' title="bbox 342 2835 1514 2924; baseline -0.003 -24"><span class='ocrx_word' id='word_1_201' title='bbox 342 2840 375 2900; x_wconf 92' lang='lat' dir='ltr'>et</span> <span class='ocrx_word' id='word_1_202' title='bbox 398 2837 530 2902; x_wconf 89' lang='lat' dir='ltr'>sibimet</span> <span class='ocrx_word' id='word_1_203' title='bbox 551 2839 631 2922; x_wconf 89' lang='lat' dir='ltr'>ipsis</span> <span class='ocrx_word' id='word_1_204' title='bbox 654 2840 778 2904; x_wconf 88' lang='lat' dir='ltr'>noxias.</span> <span class='ocrx_word' id='word_1_205' title='bbox 811 2862 892 2924; x_wconf 89' lang='lat' dir='ltr'>quae</span> <span class='ocrx_word' id='word_1_206' title='bbox 916 2861 988 2902; x_wconf 92' lang='lat' dir='ltr'>cum</span> <span class='ocrx_word' id='word_1_207' title='bbox 1011 2838 1059 2900; x_wconf 91' lang='lat' dir='ltr'>ita</span> <span class='ocrx_word' id='word_1_208' title='bbox 1082 2837 1160 2920; x_wconf 88' lang='lat' dir='ltr'>sint,</span> <span class='ocrx_word' id='word_1_209' title='bbox 1184 2835 1285 2900; x_wconf 87' lang='lat' dir='ltr'>donec</span> <span class='ocrx_word' id='word_1_210' title='bbox 1308 2835 1414 2899; x_wconf 87' lang='lat' dir='ltr'>verius</span> <span class='ocrx_word' id='word_1_211' title='bbox 1437 2835 1514 2917; x_wconf 92' lang='lat' dir='ltr'>quid</span> 
     </span>
     <span class='ocr_line' id='line_1_25' title="bbox 342 2940 1513 3028; baseline -0.002 -22"><span class='ocrx_word' id='word_1_212' title='bbox 342 2943 509 3007; x_wconf 88' lang='lat' dir='ltr'>inventum</span> <span class='ocrx_word' id='word_1_213' title='bbox 533 2943 607 3028; x_wconf 88' lang='lat' dir='ltr'>erit,</span> <span class='ocrx_word' id='word_1_214' title='bbox 629 2945 775 3012; x_wconf 89' lang='lat' dir='ltr'>retinebo</span> <span class='ocrx_word' id='word_1_215' title='bbox 800 2945 946 3028; x_wconf 90' lang='lat' dir='ltr'>equidem</span> <span class='ocrx_word' id='word_1_216' title='bbox 962 2944 1171 3026; x_wconf 87' lang='lat' dir='ltr'>scripturam,</span> <span class='ocrx_word' id='word_1_217' title='bbox 1194 2963 1275 3024; x_wconf 89' lang='lat' dir='ltr'>quae</span> <span class='ocrx_word' id='word_1_218' title='bbox 1294 2940 1513 3024; x_wconf 85' lang='lat' dir='ltr'>antiquissimi</span> 
     </span>
     <span class='ocr_line' id='line_1_26' title="bbox 341 3047 1513 3134; baseline -0.003 -21"><span class='ocrx_word' id='word_1_219' title='bbox 341 3049 416 3114; x_wconf 92' lang='lat' dir='ltr'>libri</span> <span class='ocrx_word' id='word_1_220' title='bbox 439 3049 627 3115; x_wconf 88' lang='lat' dir='ltr'>testimonio</span> <span class='ocrx_word' id='word_1_221' title='bbox 652 3051 733 3116; x_wconf 85' lang='lat' dir='ltr'>satis</span> <span class='ocrx_word' id='word_1_222' title='bbox 757 3051 1010 3134; x_wconf 86' lang='lat' dir='ltr'>commendetur,</span> <span class='ocrx_word' id='word_1_223' title='bbox 1034 3051 1225 3132; x_wconf 73' lang='lat' dir='ltr'>eorrepose&#39;tus,</span> <span class='ocrx_word' id='word_1_224' title='bbox 1249 3047 1286 3110; x_wconf 90' lang='lat' dir='ltr'>de</span> <span class='ocrx_word' id='word_1_225' title='bbox 1310 3047 1424 3131; x_wconf 90' lang='lat' dir='ltr'>apibus</span> <span class='ocrx_word' id='word_1_226' title='bbox 1448 3047 1513 3112; x_wconf 91' lang='lat' dir='ltr'>dic-</span> 
     </span>
     <span class='ocr_line' id='line_1_27' title="bbox 341 3154 1513 3241; baseline -0.003 -22"><span class='ocrx_word' id='word_1_227' title='bbox 341 3158 411 3220; x_wconf 92' lang='lat' dir='ltr'>tum</span> <span class='ocrx_word' id='word_1_228' title='bbox 434 3155 517 3220; x_wconf 89' lang='lat' dir='ltr'>mira</span> <span class='ocrx_word' id='word_1_229' title='bbox 541 3160 609 3220; x_wconf 88' lang='lat' dir='ltr'>arte</span> <span class='ocrx_word' id='word_1_230' title='bbox 633 3158 823 3241; x_wconf 88' lang='lat' dir='ltr'>compositis</span> <span class='ocrx_word' id='word_1_231' title='bbox 839 3180 876 3220; x_wconf 89' lang='lat' dir='ltr'>ex</span> <span class='ocrx_word' id='word_1_232' title='bbox 899 3157 1017 3222; x_wconf 87' lang='lat' dir='ltr'>florum</span> <span class='ocrx_word' id='word_1_233' title='bbox 1031 3156 1185 3220; x_wconf 87' lang='lat' dir='ltr'>materia:</span> <span class='ocrx_word' id='word_1_234' title='bbox 1208 3155 1268 3219; x_wconf 86' lang='lat' dir='ltr'>hos</span> <span class='ocrx_word' id='word_1_235' title='bbox 1286 3155 1394 3219; x_wconf 88' lang='lat' dir='ltr'>autem</span> <span class='ocrx_word' id='word_1_236' title='bbox 1416 3154 1513 3218; x_wconf 79' lang='lat' dir='ltr'>flores</span> 
     </span>
     <span class='ocr_line' id='line_1_28' title="bbox 343 3261 1512 3347; baseline -0.003 -19"><span class='ocrx_word' id='word_1_237' title='bbox 343 3263 529 3328; x_wconf 89' lang='lat' dir='ltr'>summatim</span> <span class='ocrx_word' id='word_1_238' title='bbox 557 3261 683 3327; x_wconf 90' lang='lat' dir='ltr'>Plinius</span> <span class='ocrx_word' id='word_1_239' title='bbox 711 3262 845 3347; x_wconf 89' lang='lat' dir='ltr'>indicat,</span> <span class='ocrx_word' id='word_1_240' title='bbox 875 3264 996 3328; x_wconf 89' lang='lat' dir='ltr'>omissa</span> <span class='ocrx_word' id='word_1_241' title='bbox 1027 3263 1227 3327; x_wconf 89' lang='lat' dir='ltr'>diversorum</span> <span class='ocrx_word' id='word_1_242' title='bbox 1257 3283 1409 3346; x_wconf 84' lang='lat' dir='ltr'>generum</span> <span class='ocrx_word' id='word_1_243' title='bbox 1437 3284 1512 3325; x_wconf 91' lang='lat' dir='ltr'>enu-</span> 
     </span>
     <span class='ocr_line' id='line_1_29' title="bbox 344 3357 1513 3454; baseline 0.001 -22"><span class='ocrx_word' id='word_1_244' title='bbox 344 3357 522 3433; x_wconf 84' lang='lat' dir='ltr'>meratione</span> <span class='ocrx_word' id='word_1_245' title='bbox 550 3368 620 3453; x_wconf 89' lang='lat' dir='ltr'>illa,</span> <span class='ocrx_word' id='word_1_246' title='bbox 658 3392 739 3454; x_wconf 90' lang='lat' dir='ltr'>quae</span> <span class='ocrx_word' id='word_1_247' title='bbox 767 3374 817 3436; x_wconf 89' lang='lat' dir='ltr'>est</span> <span class='ocrx_word' id='word_1_248' title='bbox 850 3370 935 3454; x_wconf 89' lang='lat' dir='ltr'>apud</span> <span class='ocrx_word' id='word_1_249' title='bbox 962 3368 1182 3434; x_wconf 88' lang='lat' dir='ltr'>Aristotelem.</span> <span class='ocrx_word' id='word_1_250' title='bbox 1231 3370 1407 3452; x_wconf 88' lang='lat' dir='ltr'>permirum</span> <span class='ocrx_word' id='word_1_251' title='bbox 1435 3391 1513 3433; x_wconf 87' lang='lat' dir='ltr'>sane</span> 
     </span>
     <span class='ocr_line' id='line_1_30' title="bbox 342 3473 1514 3561; baseline 0.003 -25"><span class='ocrx_word' id='word_1_252' title='bbox 342 3473 448 3538; x_wconf 83' lang='lat' dir='ltr'>fateor</span> <span class='ocrx_word' id='word_1_253' title='bbox 478 3495 548 3538; x_wconf 88' lang='lat' dir='ltr'>esse</span> <span class='ocrx_word' id='word_1_254' title='bbox 572 3499 649 3559; x_wconf 90' lang='lat' dir='ltr'>apes</span> <span class='ocrx_word' id='word_1_255' title='bbox 679 3478 725 3542; x_wconf 89' lang='lat' dir='ltr'>sie</span> <span class='ocrx_word' id='word_1_256' title='bbox 748 3477 946 3560; x_wconf 88' lang='lat' dir='ltr'>compositas</span> <span class='ocrx_word' id='word_1_257' title='bbox 975 3475 1051 3559; x_wconf 88' lang='lat' dir='ltr'>dici,</span> <span class='ocrx_word' id='word_1_258' title='bbox 1079 3480 1117 3538; x_wconf 95' lang='lat' dir='ltr'>ut</span> <span class='ocrx_word' id='word_1_259' title='bbox 1145 3480 1324 3561; x_wconf 84' lang='lat' dir='ltr'>unguenta,</span> <span class='ocrx_word' id='word_1_260' title='bbox 1350 3480 1388 3540; x_wconf 94' lang='lat' dir='ltr'>ut</span> <span class='ocrx_word' id='word_1_261' title='bbox 1414 3477 1514 3541; x_wconf 91' lang='lat' dir='ltr'>medi-</span> 
     </span>
     <span class='ocr_line' id='line_1_31' title="bbox 343 3581 1513 3668; baseline 0.003 -26"><span class='ocrx_word' id='word_1_262' title='bbox 343 3581 492 3644; x_wconf 89' lang='lat' dir='ltr'>camenta</span> <span class='ocrx_word' id='word_1_263' title='bbox 515 3602 553 3644; x_wconf 88' lang='lat' dir='ltr'>ex</span> <span class='ocrx_word' id='word_1_264' title='bbox 576 3583 723 3665; x_wconf 88' lang='lat' dir='ltr'>pluribus</span> <span class='ocrx_word' id='word_1_265' title='bbox 748 3584 905 3648; x_wconf 88' lang='lat' dir='ltr'>materiis:</span> <span class='ocrx_word' id='word_1_266' title='bbox 930 3583 985 3646; x_wconf 88' lang='lat' dir='ltr'>sed</span> <span class='ocrx_word' id='word_1_267' title='bbox 1008 3605 1042 3646; x_wconf 91' lang='lat' dir='ltr'>re</span> <span class='ocrx_word' id='word_1_268' title='bbox 1066 3605 1143 3647; x_wconf 88' lang='lat' dir='ltr'>vera</span> <span class='ocrx_word' id='word_1_269' title='bbox 1165 3583 1226 3646; x_wconf 90' lang='lat' dir='ltr'>hoe</span> <span class='ocrx_word' id='word_1_270' title='bbox 1249 3605 1315 3648; x_wconf 90' lang='lat' dir='ltr'>non</span> <span class='ocrx_word' id='word_1_271' title='bbox 1337 3585 1441 3668; x_wconf 85' lang='lat' dir='ltr'>magis</span> <span class='ocrx_word' id='word_1_272' title='bbox 1464 3585 1513 3648; x_wconf 89' lang='lat' dir='ltr'>in-</span> 
     </span>
     <span class='ocr_line' id='line_1_32' title="bbox 343 3685 1514 3774; baseline 0.003 -24"><span class='ocrx_word' id='word_1_273' title='bbox 343 3685 495 3750; x_wconf 89' lang='lat' dir='ltr'>credibile</span> <span class='ocrx_word' id='word_1_274' title='bbox 527 3690 578 3750; x_wconf 87' lang='lat' dir='ltr'>est</span> <span class='ocrx_word' id='word_1_275' title='bbox 609 3711 706 3772; x_wconf 85' lang='lat' dir='ltr'>quam</span> <span class='ocrx_word' id='word_1_276' title='bbox 737 3690 874 3754; x_wconf 92' lang='lat' dir='ltr'>alterum</span> <span class='ocrx_word' id='word_1_277' title='bbox 906 3691 1000 3772; x_wconf 88' lang='lat' dir='ltr'>illud,</span> <span class='ocrx_word' id='word_1_278' title='bbox 1037 3689 1121 3771; x_wconf 90' lang='lat' dir='ltr'>quod</span> <span class='ocrx_word' id='word_1_279' title='bbox 1149 3689 1247 3773; x_wconf 83' lang='lat' dir='ltr'>vulgo</span> <span class='ocrx_word' id='word_1_280' title='bbox 1273 3689 1405 3774; x_wconf 87' lang='lat' dir='ltr'>legitur:</span> <span class='ocrx_word' id='word_1_281' title='bbox 1442 3693 1514 3755; x_wconf 86' lang='lat' dir='ltr'>tota</span> 
     </span>
     <span class='ocr_line' id='line_1_33' title="bbox 342 3792 1513 3880; baseline 0.002 -25"><span class='ocrx_word' id='word_1_282' title='bbox 342 3792 494 3857; x_wconf 88' lang='lat' dir='ltr'>nimirum</span> <span class='ocrx_word' id='word_1_283' title='bbox 519 3796 679 3859; x_wconf 85' lang='lat' dir='ltr'>sententia</span> <span class='ocrx_word' id='word_1_284' title='bbox 700 3795 822 3859; x_wconf 88' lang='lat' dir='ltr'>rationi</span> <span class='ocrx_word' id='word_1_285' title='bbox 845 3798 1012 3880; x_wconf 82' lang='lat' dir='ltr'>repugnat.</span> <span class='ocrx_word' id='word_1_286' title='bbox 1058 3816 1154 3876; x_wconf 88' lang='lat' dir='ltr'>quum</span> <span class='ocrx_word' id='word_1_287' title='bbox 1177 3794 1293 3878; x_wconf 88' lang='lat' dir='ltr'>quibus</span> <span class='ocrx_word' id='word_1_288' title='bbox 1313 3795 1513 3880; x_wconf 75' lang='lat' dir='ltr'>argumentis</span> 
     </span>
     <span class='ocr_line' id='line_1_34' title="bbox 342 3899 1513 3987; baseline 0.001 -25"><span class='ocrx_word' id='word_1_289' title='bbox 342 3899 537 3965; x_wconf 88' lang='lat' dir='ltr'>Aristoteles</span> <span class='ocrx_word' id='word_1_290' title='bbox 570 3902 700 3985; x_wconf 88' lang='lat' dir='ltr'>copiose</span> <span class='ocrx_word' id='word_1_291' title='bbox 727 3903 933 3987; x_wconf 85' lang='lat' dir='ltr'>refutaverit,</span> <span class='ocrx_word' id='word_1_292' title='bbox 960 3900 1032 3966; x_wconf 89' lang='lat' dir='ltr'>vide</span> <span class='ocrx_word' id='word_1_293' title='bbox 1059 3900 1097 3965; x_wconf 90' lang='lat' dir='ltr'>de</span> <span class='ocrx_word' id='word_1_294' title='bbox 1127 3923 1233 3986; x_wconf 82' lang='lat' dir='ltr'>gener.</span> <span class='ocrx_word' id='word_1_295' title='bbox 1261 3901 1357 3965; x_wconf 87' lang='lat' dir='ltr'>anim.</span> <span class='ocrx_word' id='word_1_296' title='bbox 1383 3900 1433 3964; x_wconf 92' lang='lat' dir='ltr'>IlI</span> <span class='ocrx_word' id='word_1_297' title='bbox 1463 3902 1513 3964; x_wconf 86' lang='lat'>10.</span> 
     </span>
    </p>

    <p class='ocr_par' dir='ltr' id='par_1_3' title="bbox 339 4005 1514 4418">
     <span class='ocr_line' id='line_1_35' title="bbox 431 4005 1513 4093; baseline 0.001 -24"><span class='ocrx_word' id='word_1_298' title='bbox 431 4005 492 4070; x_wconf 91' lang='lat' dir='ltr'>His</span> <span class='ocrx_word' id='word_1_299' title='bbox 523 4007 662 4093; x_wconf 84' lang='lat' dir='ltr'>adiungo</span> <span class='ocrx_word' id='word_1_300' title='bbox 692 4009 791 4072; x_wconf 89' lang='lat' dir='ltr'>etiam</span> <span class='ocrx_word' id='word_1_301' title='bbox 813 4007 861 4072; x_wconf 90' lang='lat' dir='ltr'>XI</span> <span class='ocrx_word' id='word_1_302' title='bbox 883 4009 962 4092; x_wconf 77' lang='lat'>220,</span> <span class='ocrx_word' id='word_1_303' title='bbox 989 4008 1045 4072; x_wconf 92' lang='lat' dir='ltr'>ubi</span> <span class='ocrx_word' id='word_1_304' title='bbox 1067 4007 1101 4070; x_wconf 90' lang='lat' dir='ltr'>M</span> <span class='ocrx_word' id='word_1_305' title='bbox 1124 4030 1190 4072; x_wconf 90' lang='lat' dir='ltr'>non</span> <span class='ocrx_word' id='word_1_306' title='bbox 1212 4009 1417 4092; x_wconf 87' lang='lat' dir='ltr'>incorruptus</span> <span class='ocrx_word' id='word_1_307' title='bbox 1446 4008 1513 4090; x_wconf 90' lang='lat' dir='ltr'>qui-</span> 
     </span>
     <span class='ocr_line' id='line_1_36' title="bbox 343 4111 1513 4199; baseline 0 -23"><span class='ocrx_word' id='word_1_308' title='bbox 343 4114 416 4177; x_wconf 91' lang='lat' dir='ltr'>dem</span> <span class='ocrx_word' id='word_1_309' title='bbox 430 4114 494 4195; x_wconf 88' lang='lat' dir='ltr'>est,</span> <span class='ocrx_word' id='word_1_310' title='bbox 518 4111 574 4174; x_wconf 89' lang='lat' dir='ltr'>sed</span> <span class='ocrx_word' id='word_1_311' title='bbox 587 4113 726 4198; x_wconf 86' lang='lat' dir='ltr'>vestigia</span> <span class='ocrx_word' id='word_1_312' title='bbox 739 4115 807 4179; x_wconf 86' lang='lat' dir='ltr'>veri</span> <span class='ocrx_word' id='word_1_313' title='bbox 830 4118 899 4179; x_wconf 89' lang='lat' dir='ltr'>tam</span> <span class='ocrx_word' id='word_1_314' title='bbox 921 4114 1090 4199; x_wconf 88' lang='lat' dir='ltr'>perspicue</span> <span class='ocrx_word' id='word_1_315' title='bbox 1109 4113 1262 4197; x_wconf 89' lang='lat' dir='ltr'>servavit,</span> <span class='ocrx_word' id='word_1_316' title='bbox 1285 4117 1323 4177; x_wconf 93' lang='lat' dir='ltr'>ut</span> <span class='ocrx_word' id='word_1_317' title='bbox 1336 4113 1513 4179; x_wconf 86' lang='lat' dir='ltr'>Aristotele</span> 
     </span>
     <span class='ocr_line' id='line_1_37' title="bbox 344 4217 1514 4304; baseline -0.001 -22"><span class='ocrx_word' id='word_1_318' title='bbox 344 4219 491 4282; x_wconf 89' lang='lat' dir='ltr'>adiutore</span> <span class='ocrx_word' id='word_1_319' title='bbox 519 4217 614 4284; x_wconf 84' lang='lat' dir='ltr'>facile</span> <span class='ocrx_word' id='word_1_320' title='bbox 642 4218 780 4284; x_wconf 90' lang='lat' dir='ltr'>inveniri</span> <span class='ocrx_word' id='word_1_321' title='bbox 808 4221 841 4283; x_wconf 91' lang='lat' dir='ltr'>et</span> <span class='ocrx_word' id='word_1_322' title='bbox 862 4219 992 4284; x_wconf 85' lang='lat' dir='ltr'>restitui</span> <span class='ocrx_word' id='word_1_323' title='bbox 1013 4221 1132 4304; x_wconf 86' lang='lat' dir='ltr'>possit:</span> <span class='ocrx_word' id='word_1_324' title='bbox 1168 4242 1260 4284; x_wconf 82' lang='lat' dir='ltr'>oenoe</span> <span class='ocrx_word' id='word_1_325' title='bbox 1282 4223 1317 4284; x_wconf 82' lang='lat' dir='ltr'>io</span> <span class='ocrx_word' id='word_1_326' title='bbox 1333 4225 1514 4303; x_wconf 65' lang='lat' dir='ltr'>musmones</span> 
     </span>
     <span class='ocr_line' id='line_1_38' title="bbox 339 4324 1513 4418; baseline -0.002 -28"><span class='ocrx_word' id='word_1_327' title='bbox 339 4331 490 4418; x_wconf 77' lang='lat' dir='ltr'>postremo</span> <span class='ocrx_word' id='word_1_328' title='bbox 512 4324 653 4406; x_wconf 63' lang='lat' dir='ltr'>[imbria</span> <span class='ocrx_word' id='word_1_329' title='bbox 675 4325 776 4388; x_wconf 66' lang='lat' dir='ltr'>stetten·</span> <span class='ocrx_word' id='word_1_330' title='bbox 799 4331 893 4390; x_wconf 83' lang='lat' dir='ltr'>totum</span> <span class='ocrx_word' id='word_1_331' title='bbox 912 4333 1007 4392; x_wconf 78' lang='lat' dir='ltr'>certem</span> <span class='ocrx_word' id='word_1_332' title='bbox 1030 4329 1184 4409; x_wconf 76' lang='lat' dir='ltr'>dispersae</span> <span class='ocrx_word' id='word_1_333' title='bbox 1197 4329 1270 4392; x_wconf 83' lang='lat' dir='ltr'>odeo</span> <span class='ocrx_word' id='word_1_334' title='bbox 1294 4335 1327 4392; x_wconf 81' lang='lat' dir='ltr'>io</span> <span class='ocrx_word' id='word_1_335' title='bbox 1349 4332 1513 4409; x_wconf 69' lang='lat' dir='ltr'>enervatam</span> 
     </span>
    </p>
   </div>
   <div class='ocr_carea' id='block_1_3' title="bbox 0 0 1610 5088">
    <p class='ocr_par' dir='ltr' id='par_1_4' title="bbox 0 0 1610 5088">
     <span class='ocr_line' id='line_1_39' title="bbox 0 0 1610 5088; baseline 0 0"><span class='ocrx_word' id='word_1_336' title='bbox 0 0 1610 5088; x_wconf 95' lang='lat' dir='ltr'> </span> 
     </span>
    </p>
   </div>
  </div>
 </body>
</html>
