<?xml version="1.0" encoding="UTF-8"?>
<!DOCTYPE html PUBLIC "-//W3C//DTD XHTML 1.0 Transitional//EN"
    "http://www.w3.org/TR/xhtml1/DTD/xhtml1-transitional.dtd">
<html xmlns="http://www.w3.org/1999/xhtml" xml:lang="en" lang="en">
 <head>
  <title>
</title>
<meta http-equiv="Content-Type" content="text/html;charset=utf-8" />
  <meta name='ocr-system' content='tesseract 3.04.00' />
  <meta name='ocr-capabilities' content='ocr_page ocr_carea ocr_par ocr_line ocrx_word'/>
</head>
<body>
  <div class='ocr_page' id='page_1' title='image "./novaelucubratio00mayhgoog_0059.png"; bbox 0 0 3212 5088; ppageno 0'>
   <div class='ocr_carea' id='block_1_1' title="bbox 852 385 1012 490">
    <p class='ocr_par' dir='ltr' id='par_1_1' title="bbox 852 385 1012 490">
     <span class='ocr_line' id='line_1_1' title="bbox 852 385 1012 490; baseline 0 -36"><span class='ocrx_word' id='word_1_1' title='bbox 852 385 1012 490; x_wconf 34' lang='lat' dir='ltr'>*ea-</span> 
     </span>
    </p>
   </div>
   <div class='ocr_carea' id='block_1_2' title="bbox 264 585 1518 3125">
    <p class='ocr_par' dir='ltr' id='par_1_2' title="bbox 264 585 1518 3125">
     <span class='ocr_line' id='line_1_2' title="bbox 341 585 1518 671; baseline -0.003 -18"><span class='ocrx_word' id='word_1_2' title='bbox 341 589 448 671; x_wconf 83' lang='lat' dir='ltr'>poeata&#39;</span> <span class='ocrx_word' id='word_1_3' title='bbox 473 588 561 653; x_wconf 78' lang='lat' dir='ltr'>arado</span> <span class='ocrx_word' id='word_1_4' title='bbox 588 607 637 652; x_wconf 83' lang='lat' dir='ltr'>aa</span> <span class='ocrx_word' id='word_1_5' title='bbox 657 607 790 670; x_wconf 80' lang='lat' dir='ltr'>parmae</span> <span class='ocrx_word' id='word_1_6' title='bbox 821 587 1028 664; x_wconf 76' lang='lat' dir='ltr'><em>Threcidicae,</em></span> <span class='ocrx_word' id='word_1_7' title='bbox 1055 585 1157 649; x_wconf 78' lang='lat' dir='ltr'>mertia</span> <span class='ocrx_word' id='word_1_8' title='bbox 1183 585 1325 667; x_wconf 79' lang='lat' dir='ltr'>depressa</span> <span class='ocrx_word' id='word_1_9' title='bbox 1354 607 1403 651; x_wconf 87' lang='lat' dir='ltr'>aa</span> <span class='ocrx_word' id='word_1_10' title='bbox 1431 585 1518 664; x_wconf 82' lang='lat' dir='ltr'>elata,</span> 
     </span>
     <span class='ocr_line' id='line_1_3' title="bbox 347 692 1518 779; baseline -0.001 -20"><span class='ocrx_word' id='word_1_11' title='bbox 347 701 522 760; x_wconf 82' lang='lat' dir='ltr'>transuersa</span> <span class='ocrx_word' id='word_1_12' title='bbox 548 715 597 758; x_wconf 86' lang='lat' dir='ltr'>aa</span> <span class='ocrx_word' id='word_1_13' title='bbox 618 694 755 779; x_wconf 77' lang='grc'><strong>0011000,</strong></span> <span class='ocrx_word' id='word_1_14' title='bbox 781 696 897 776; x_wconf 81' lang='lat' dir='ltr'>sapiaa</span> <span class='ocrx_word' id='word_1_15' title='bbox 919 715 967 758; x_wconf 89' lang='lat' dir='ltr'>aa</span> <span class='ocrx_word' id='word_1_16' title='bbox 996 694 1130 773; x_wconf 79' lang='lat' dir='ltr'>inferna.</span> <span class='ocrx_word' id='word_1_17' title='bbox 1183 692 1263 758; x_wconf 88' lang='lat' dir='ltr'>haee</span> <span class='ocrx_word' id='word_1_18' title='bbox 1292 693 1392 778; x_wconf 84' lang='lat' dir='ltr'>igitur</span> <span class='ocrx_word' id='word_1_19' title='bbox 1416 715 1518 758; x_wconf 84' lang='lat' dir='ltr'>exem-</span> 
     </span>
     <span class='ocr_line' id='line_1_4' title="bbox 346 798 1518 886; baseline -0.003 -20"><span class='ocrx_word' id='word_1_20' title='bbox 346 802 475 886; x_wconf 91' lang='lat' dir='ltr'>plorum</span> <span class='ocrx_word' id='word_1_21' title='bbox 507 802 708 886; x_wconf 86' lang='lat' dir='ltr'>computatio</span> <span class='ocrx_word' id='word_1_22' title='bbox 736 801 817 866; x_wconf 86' lang='lat' dir='ltr'>satis</span> <span class='ocrx_word' id='word_1_23' title='bbox 854 801 988 884; x_wconf 86' lang='lat' dir='ltr'>planum</span> <span class='ocrx_word' id='word_1_24' title='bbox 1015 800 1107 884; x_wconf 86' lang='lat' dir='ltr'>facit,</span> <span class='ocrx_word' id='word_1_25' title='bbox 1145 799 1221 882; x_wconf 90' lang='lat' dir='ltr'>quid</span> <span class='ocrx_word' id='word_1_26' title='bbox 1258 800 1334 864; x_wconf 88' lang='lat' dir='ltr'>stilo</span> <span class='ocrx_word' id='word_1_27' title='bbox 1361 798 1518 884; x_wconf 87' lang='lat' dir='ltr'>Pliniana,</span> 
     </span>
     <span class='ocr_line' id='line_1_5' title="bbox 346 905 1517 994; baseline -0.003 -22"><span class='ocrx_word' id='word_1_28' title='bbox 346 909 424 994; x_wconf 92' lang='lat' dir='ltr'>quid</span> <span class='ocrx_word' id='word_1_29' title='bbox 449 909 657 973; x_wconf 82' lang='lat' dir='ltr'><strong>librariorum</strong></span> <span class='ocrx_word' id='word_1_30' title='bbox 685 910 798 992; x_wconf 85' lang='lat' dir='ltr'>eulpae</span> <span class='ocrx_word' id='word_1_31' title='bbox 826 905 1033 972; x_wconf 87' lang='lat' dir='ltr'>tribuendum</span> <span class='ocrx_word' id='word_1_32' title='bbox 1062 907 1117 991; x_wconf 88' lang='lat' dir='ltr'>sit,</span> <span class='ocrx_word' id='word_1_33' title='bbox 1145 929 1204 972; x_wconf 92' lang='lat' dir='ltr'>nec</span> <span class='ocrx_word' id='word_1_34' title='bbox 1232 906 1345 970; x_wconf 89' lang='lat' dir='ltr'>dubito</span> <span class='ocrx_word' id='word_1_35' title='bbox 1373 905 1517 990; x_wconf 82' lang='lat' dir='ltr'>equidem</span> 
     </span>
     <span class='ocr_line' id='line_1_6' title="bbox 264 1012 1517 1098; baseline -0.002 -19"><span class='ocrx_word' id='word_1_36' title='bbox 264 1035 268 1042; x_wconf 91' lang='lat'>·</span> <span class='ocrx_word' id='word_1_37' title='bbox 347 1019 381 1079; x_wconf 90' lang='lat' dir='ltr'>et</span> <span class='ocrx_word' id='word_1_38' title='bbox 402 1014 464 1080; x_wconf 88' lang='lat' dir='ltr'>XV</span> <span class='ocrx_word' id='word_1_39' title='bbox 487 1017 507 1080; x_wconf 84' lang='grc'>6</span> <span class='ocrx_word' id='word_1_40' title='bbox 532 1015 637 1080; x_wconf 91' lang='lat' dir='ltr'>delere</span> <span class='ocrx_word' id='word_1_41' title='bbox 661 1015 741 1080; x_wconf 90' lang='lat' dir='ltr'>illud</span> <span class='ocrx_word' id='word_1_42' title='bbox 764 1036 799 1098; x_wconf 88' lang='lat' dir='ltr'>a,</span> <span class='ocrx_word' id='word_1_43' title='bbox 823 1014 941 1098; x_wconf 89' lang='lat' dir='ltr'>quippe</span> <span class='ocrx_word' id='word_1_44' title='bbox 965 1014 1050 1097; x_wconf 91' lang='lat' dir='ltr'>quod</span> <span class='ocrx_word' id='word_1_45' title='bbox 1073 1014 1108 1077; x_wconf 93' lang='lat' dir='ltr'>in</span> <span class='ocrx_word' id='word_1_46' title='bbox 1129 1012 1164 1078; x_wconf 91' lang='lat' dir='ltr'>M</span> <span class='ocrx_word' id='word_1_47' title='bbox 1188 1035 1205 1078; x_wconf 93' lang='lat' dir='ltr'>e</span> <span class='ocrx_word' id='word_1_48' title='bbox 1228 1013 1335 1077; x_wconf 85' lang='lat' dir='ltr'>vicina</span> <span class='ocrx_word' id='word_1_49' title='bbox 1356 1013 1467 1076; x_wconf 87' lang='lat' dir='ltr'>littera</span> <span class='ocrx_word' id='word_1_50' title='bbox 1490 1035 1517 1076; x_wconf 85' lang='lat' dir='ltr'>ra</span> 
     </span>
     <span class='ocr_line' id='line_1_7' title="bbox 346 1119 1516 1206; baseline -0.002 -22"><span class='ocrx_word' id='word_1_51' title='bbox 346 1120 441 1186; x_wconf 88' lang='lat' dir='ltr'>facile</span> <span class='ocrx_word' id='word_1_52' title='bbox 467 1124 558 1186; x_wconf 88' lang='lat' dir='ltr'>nasei</span> <span class='ocrx_word' id='word_1_53' title='bbox 585 1122 730 1206; x_wconf 88' lang='lat' dir='ltr'>potuerit</span> <span class='ocrx_word' id='word_1_54' title='bbox 754 1159 794 1167; x_wconf 92' lang='lat'><em>-</em></span> <span class='ocrx_word' id='word_1_55' title='bbox 819 1122 854 1185; x_wconf 89' lang='lat' dir='ltr'>in</span> <span class='ocrx_word' id='word_1_56' title='bbox 881 1121 996 1186; x_wconf 86' lang='lat' dir='ltr'>ceteris</span> <span class='ocrx_word' id='word_1_57' title='bbox 1028 1123 1137 1184; x_wconf 88' lang='lat' dir='ltr'>autern</span> <span class='ocrx_word' id='word_1_58' title='bbox 1164 1121 1257 1185; x_wconf 88' lang='lat' dir='ltr'>libris</span> <span class='ocrx_word' id='word_1_59' title='bbox 1287 1119 1516 1184; x_wconf 87' lang='lat' dir='ltr'>recentioribus</span> 
     </span>
     <span class='ocr_line' id='line_1_8' title="bbox 345 1225 1515 1320; baseline -0.003 -28"><span class='ocrx_word' id='word_1_60' title='bbox 345 1251 389 1292; x_wconf 89' lang='lat' dir='ltr'>aa</span> <span class='ocrx_word' id='word_1_61' title='bbox 415 1229 676 1320; x_wconf 36' lang='lat' dir='ltr'>&#39;interpolatione</span> <span class='ocrx_word' id='word_1_62' title='bbox 716 1229 828 1296; x_wconf 87' lang='lat' dir='ltr'>fiotum</span> <span class='ocrx_word' id='word_1_63' title='bbox 864 1227 1058 1293; x_wconf 89' lang='lat' dir='ltr'>censendum</span> <span class='ocrx_word' id='word_1_64' title='bbox 1088 1231 1139 1292; x_wconf 85' lang='lat' dir='ltr'>est</span> <span class='ocrx_word' id='word_1_65' title='bbox 1167 1265 1224 1312; x_wconf 90' lang='lat'>-—,</span> <span class='ocrx_word' id='word_1_66' title='bbox 1261 1230 1294 1291; x_wconf 89' lang='lat' dir='ltr'>et</span> <span class='ocrx_word' id='word_1_67' title='bbox 1327 1225 1452 1291; x_wconf 88' lang='lat' dir='ltr'>XXXV</span> <span class='ocrx_word' id='word_1_68' title='bbox 1477 1227 1515 1290; x_wconf 78' lang='grc'>59</span> 
     </span>
     <span class='ocr_line' id='line_1_9' title="bbox 345 1331 1516 1422; baseline -0.003 -22"><span class='ocrx_word' id='word_1_69' title='bbox 345 1335 442 1400; x_wconf 89' lang='lat' dir='ltr'>fidem</span> <span class='ocrx_word' id='word_1_70' title='bbox 470 1337 628 1422; x_wconf 88' lang='lat' dir='ltr'>abrogare</span> <span class='ocrx_word' id='word_1_71' title='bbox 656 1335 758 1400; x_wconf 90' lang='lat' dir='ltr'>eodiei</span> <span class='ocrx_word' id='word_1_72' title='bbox 781 1333 822 1419; x_wconf 94' lang='grc' dir='ltr'>Β,</span> <span class='ocrx_word' id='word_1_73' title='bbox 851 1335 885 1397; x_wconf 90' lang='grc'>10</span> <span class='ocrx_word' id='word_1_74' title='bbox 913 1356 976 1419; x_wconf 89' lang='lat' dir='ltr'>quo</span> <span class='ocrx_word' id='word_1_75' title='bbox 1004 1355 1047 1398; x_wconf 87' lang='lat' dir='ltr'>aa</span> <span class='ocrx_word' id='word_1_76' title='bbox 1078 1355 1117 1396; x_wconf 84' lang='lat' dir='ltr'>ex</span> <span class='ocrx_word' id='word_1_77' title='bbox 1145 1332 1369 1417; x_wconf 87' lang='lat' dir='ltr'>dittograpbia</span> <span class='ocrx_word' id='word_1_78' title='bbox 1394 1331 1516 1416; x_wconf 84' lang='lat' dir='ltr'>primae</span> 
     </span>
     <span class='ocr_line' id='line_1_10' title="bbox 346 1439 1331 1526; baseline -0.006 -18"><span class='ocrx_word' id='word_1_79' title='bbox 346 1443 494 1526; x_wconf 81' lang='lat' dir='ltr'>syllabae</span> <span class='ocrx_word' id='word_1_80' title='bbox 517 1443 606 1508; x_wconf 84' lang='lat' dir='ltr'>vocis</span> <span class='ocrx_word' id='word_1_81' title='bbox 630 1444 835 1507; x_wconf 83' lang='lat' dir='ltr'>asceadeatera</span> <span class='ocrx_word' id='word_1_82' title='bbox 859 1441 1018 1525; x_wconf 86' lang='lat' dir='ltr'>originem</span> <span class='ocrx_word' id='word_1_83' title='bbox 1042 1440 1171 1505; x_wconf 82' lang='lat' dir='ltr'>duxisse</span> <span class='ocrx_word' id='word_1_84' title='bbox 1194 1439 1331 1505; x_wconf 86' lang='lat' dir='ltr'>videtur.</span> 
     </span>
     <span class='ocr_line' id='line_1_11' title="bbox 434 1545 1516 1633; baseline -0.006 -19"><span class='ocrx_word' id='word_1_85' title='bbox 434 1549 497 1614; x_wconf 91' lang='lat' dir='ltr'>Hic</span> <span class='ocrx_word' id='word_1_86' title='bbox 523 1549 614 1614; x_wconf 88' lang='lat' dir='ltr'>loeus</span> <span class='ocrx_word' id='word_1_87' title='bbox 644 1549 698 1633; x_wconf 92' lang='lat' dir='ltr'>qui</span> <span class='ocrx_word' id='word_1_88' title='bbox 726 1551 776 1613; x_wconf 92' lang='lat' dir='ltr'>est</span> <span class='ocrx_word' id='word_1_89' title='bbox 813 1547 851 1610; x_wconf 91' lang='lat' dir='ltr'>de</span> <span class='ocrx_word' id='word_1_90' title='bbox 884 1546 979 1612; x_wconf 87' lang='lat' dir='ltr'>olivis</span> <span class='ocrx_word' id='word_1_91' title='bbox 1012 1546 1165 1611; x_wconf 77' lang='lat' dir='ltr'>admonet</span> <span class='ocrx_word' id='word_1_92' title='bbox 1193 1569 1244 1610; x_wconf 92' lang='lat' dir='ltr'>me</span> <span class='ocrx_word' id='word_1_93' title='bbox 1273 1546 1415 1611; x_wconf 86' lang='lat' dir='ltr'>eiusdem</span> <span class='ocrx_word' id='word_1_94' title='bbox 1442 1545 1516 1610; x_wconf 86' lang='lat' dir='ltr'>libri</span> 
     </span>
     <span class='ocr_line' id='line_1_12' title="bbox 345 1651 1516 1741; baseline -0.006 -20"><span class='ocrx_word' id='word_1_95' title='bbox 345 1661 366 1738; x_wconf 65' lang='grc' dir='ltr'>ξ</span> <span class='ocrx_word' id='word_1_96' title='bbox 390 1657 446 1741; x_wconf 83' lang='grc'>20,</span> <span class='ocrx_word' id='word_1_97' title='bbox 475 1656 531 1720; x_wconf 93' lang='lat' dir='ltr'>ubi</span> <span class='ocrx_word' id='word_1_98' title='bbox 560 1653 642 1720; x_wconf 81' lang='lat' dir='ltr'>Cato</span> <span class='ocrx_word' id='word_1_99' title='bbox 670 1655 774 1720; x_wconf 85' lang='lat' dir='ltr'>fertur</span> <span class='ocrx_word' id='word_1_100' title='bbox 800 1655 911 1719; x_wconf 91' lang='lat' dir='ltr'>iubere</span> <span class='ocrx_word' id='word_1_101' title='bbox 939 1651 1097 1718; x_wconf 84' lang='lat' dir='ltr'>Liciniam</span> <span class='ocrx_word' id='word_1_102' title='bbox 1128 1652 1249 1718; x_wconf 87' lang='lat' dir='ltr'>olivam</span> <span class='ocrx_word' id='word_1_103' title='bbox 1276 1653 1311 1717; x_wconf 90' lang='lat' dir='ltr'>in</span> <span class='ocrx_word' id='word_1_104' title='bbox 1338 1652 1455 1736; x_wconf 83' lang='lat' dir='ltr'>frigido</span> <span class='ocrx_word' id='word_1_105' title='bbox 1486 1655 1516 1715; x_wconf 92' lang='lat' dir='ltr'>et</span> 
     </span>
     <span class='ocr_line' id='line_1_13' title="bbox 346 1759 1516 1844; baseline -0.006 -16"><span class='ocrx_word' id='word_1_106' title='bbox 346 1785 454 1828; x_wconf 88' lang='lat' dir='ltr'>macro</span> <span class='ocrx_word' id='word_1_107' title='bbox 483 1764 553 1828; x_wconf 87' lang='grc'><strong>0010</strong></span> <span class='ocrx_word' id='word_1_108' title='bbox 582 1763 663 1827; x_wconf 88' lang='lat' dir='ltr'>seri:</span> <span class='ocrx_word' id='word_1_109' title='bbox 693 1762 809 1844; x_wconf 80' lang='grc'><strong>010001</strong></span> <span class='ocrx_word' id='word_1_110' title='bbox 835 1762 917 1824; x_wconf 85' lang='lat' dir='ltr'>arira</span> <span class='ocrx_word' id='word_1_111' title='bbox 944 1766 1000 1823; x_wconf 83' lang='lat' dir='ltr'>aret</span> <span class='ocrx_word' id='word_1_112' title='bbox 1033 1761 1163 1841; x_wconf 75' lang='lat' dir='ltr'>faueat-i</span> <span class='ocrx_word' id='word_1_113' title='bbox 1194 1761 1302 1824; x_wconf 80' lang='lat' dir='ltr'>uitiari</span> <span class='ocrx_word' id='word_1_114' title='bbox 1327 1761 1393 1822; x_wconf 80' lang='lat' dir='ltr'>cias</span> <span class='ocrx_word' id='word_1_115' title='bbox 1419 1759 1516 1822; x_wconf 77' lang='lat' dir='ltr'>eterra</span> 
     </span>
     <span class='ocr_line' id='line_1_14' title="bbox 345 1849 1516 1952; baseline -0.007 -17"><span class='ocrx_word' id='word_1_116' title='bbox 345 1877 542 1952; x_wconf 77' lang='lat' dir='ltr'>arboremque</span> <span class='ocrx_word' id='word_1_117' title='bbox 563 1871 634 1951; x_wconf 79' lang='lat' dir='ltr'>ipsa</span> <span class='ocrx_word' id='word_1_118' title='bbox 654 1869 815 1949; x_wconf 78' lang='lat' dir='ltr'>fertilitate</span> <span class='ocrx_word' id='word_1_119' title='bbox 837 1849 982 1932; x_wconf 80' lang='lat' dir='ltr'>cor-sarai.</span> <span class='ocrx_word' id='word_1_120' title='bbox 1027 1866 1107 1931; x_wconf 89' lang='lat' dir='ltr'>haee</span> <span class='ocrx_word' id='word_1_121' title='bbox 1130 1865 1178 1951; x_wconf 85' lang='lat' dir='ltr'>M,</span> <span class='ocrx_word' id='word_1_122' title='bbox 1206 1865 1346 1930; x_wconf 85' lang='lat' dir='ltr'>editores</span> <span class='ocrx_word' id='word_1_123' title='bbox 1374 1888 1412 1928; x_wconf 89' lang='lat' dir='ltr'>ex</span> <span class='ocrx_word' id='word_1_124' title='bbox 1435 1869 1516 1928; x_wconf 88' lang='lat' dir='ltr'>eete-</span> 
     </span>
     <span class='ocr_line' id='line_1_15' title="bbox 345 1971 1516 2058; baseline -0.007 -17"><span class='ocrx_word' id='word_1_125' title='bbox 345 1978 391 2041; x_wconf 87' lang='lat' dir='ltr'>ris</span> <span class='ocrx_word' id='word_1_126' title='bbox 414 1977 506 2042; x_wconf 89' lang='lat' dir='ltr'>libris</span> <span class='ocrx_word' id='word_1_127' title='bbox 522 1977 718 2056; x_wconf 77' lang='lat' dir='ltr'>arboremque</span> <span class='ocrx_word' id='word_1_128' title='bbox 740 1977 862 2057; x_wconf 76' lang='grc'><strong>000000.</strong></span> <span class='ocrx_word' id='word_1_129' title='bbox 891 1995 930 2037; x_wconf 86' lang='lat' dir='ltr'>ex</span> <span class='ocrx_word' id='word_1_130' title='bbox 945 1971 1069 2038; x_wconf 83' lang='lat' dir='ltr'>Catone</span> <span class='ocrx_word' id='word_1_131' title='bbox 1093 1973 1223 2058; x_wconf 90' lang='lat' dir='ltr'>quidem</span> <span class='ocrx_word' id='word_1_132' title='bbox 1245 1973 1317 2054; x_wconf 91' lang='lat' dir='ltr'>ipso</span> <span class='ocrx_word' id='word_1_133' title='bbox 1342 1973 1375 2055; x_wconf 82' lang='grc'>6,</span> <span class='ocrx_word' id='word_1_134' title='bbox 1399 1971 1516 2035; x_wconf 75' lang='lat' dir='ltr'>anihil</span> 
     </span>
     <span class='ocr_line' id='line_1_16' title="bbox 344 2077 1517 2168; baseline -0.008 -19"><span class='ocrx_word' id='word_1_135' title='bbox 344 2088 455 2168; x_wconf 88' lang='lat' dir='ltr'>potest</span> <span class='ocrx_word' id='word_1_136' title='bbox 481 2083 584 2167; x_wconf 86' lang='lat' dir='ltr'>repeti</span> <span class='ocrx_word' id='word_1_137' title='bbox 612 2081 697 2166; x_wconf 91' lang='lat' dir='ltr'>quod</span> <span class='ocrx_word' id='word_1_138' title='bbox 724 2080 880 2150; x_wconf 75' lang='lat' dir='ltr'>momenti</span> <span class='ocrx_word' id='word_1_139' title='bbox 907 2080 1029 2164; x_wconf 89' lang='lat' dir='ltr'>aliquid</span> <span class='ocrx_word' id='word_1_140' title='bbox 1057 2081 1184 2165; x_wconf 87' lang='lat' dir='ltr'>afferat,</span> <span class='ocrx_word' id='word_1_141' title='bbox 1221 2101 1297 2143; x_wconf 91' lang='lat' dir='ltr'>nam</span> <span class='ocrx_word' id='word_1_142' title='bbox 1322 2077 1405 2142; x_wconf 91' lang='lat' dir='ltr'>nihil</span> <span class='ocrx_word' id='word_1_143' title='bbox 1441 2077 1517 2142; x_wconf 89' lang='lat' dir='ltr'>dicit</span> 
     </span>
     <span class='ocr_line' id='line_1_17' title="bbox 345 2185 1516 2271; baseline -0.006 -17"><span class='ocrx_word' id='word_1_144' title='bbox 345 2190 408 2256; x_wconf 88' lang='lat' dir='ltr'>nisi</span> <span class='ocrx_word' id='word_1_145' title='bbox 430 2196 459 2256; x_wconf 89' lang='lat' dir='ltr'>et</span> <span class='ocrx_word' id='word_1_146' title='bbox 478 2189 609 2270; x_wconf 81' lang='lat' dir='ltr'>feranda</span> <span class='ocrx_word' id='word_1_147' title='bbox 632 2189 724 2253; x_wconf 89' lang='lat' dir='ltr'>arbor</span> <span class='ocrx_word' id='word_1_148' title='bbox 740 2188 865 2271; x_wconf 79' lang='lat' dir='ltr'>peribit.</span> <span class='ocrx_word' id='word_1_149' title='bbox 911 2188 966 2251; x_wconf 89' lang='lat' dir='ltr'>sed</span> <span class='ocrx_word' id='word_1_150' title='bbox 988 2187 1051 2252; x_wconf 89' lang='lat' dir='ltr'>boe</span> <span class='ocrx_word' id='word_1_151' title='bbox 1073 2187 1145 2252; x_wconf 90' lang='lat' dir='ltr'>loeo</span> <span class='ocrx_word' id='word_1_152' title='bbox 1173 2208 1240 2250; x_wconf 92' lang='lat' dir='ltr'>non</span> <span class='ocrx_word' id='word_1_153' title='bbox 1263 2207 1301 2249; x_wconf 90' lang='grc'>00</span> <span class='ocrx_word' id='word_1_154' title='bbox 1329 2186 1433 2250; x_wconf 89' lang='lat' dir='ltr'>estet</span> <span class='ocrx_word' id='word_1_155' title='bbox 1456 2185 1516 2248; x_wconf 87' lang='grc'><strong>0101</strong></span> 
     </span>
     <span class='ocr_line' id='line_1_18' title="bbox 346 2289 1517 2382; baseline -0.009 -20"><span class='ocrx_word' id='word_1_156' title='bbox 346 2302 378 2362; x_wconf 98' lang='grc'>00</span> <span class='ocrx_word' id='word_1_157' title='bbox 401 2298 527 2382; x_wconf 88' lang='lat' dir='ltr'>arboris</span> <span class='ocrx_word' id='word_1_158' title='bbox 552 2294 730 2380; x_wconf 88' lang='lat' dir='ltr'>oppositio,</span> <span class='ocrx_word' id='word_1_159' title='bbox 753 2298 790 2358; x_wconf 95' lang='grc'>00</span> <span class='ocrx_word' id='word_1_160' title='bbox 812 2293 1002 2376; x_wconf 91' lang='lat' dir='ltr'>pronomine</span> <span class='ocrx_word' id='word_1_161' title='bbox 1027 2315 1108 2376; x_wconf 89' lang='lat' dir='ltr'>opus</span> <span class='ocrx_word' id='word_1_162' title='bbox 1133 2293 1176 2356; x_wconf 90' lang='lat' dir='ltr'>sit</span> <span class='ocrx_word' id='word_1_163' title='bbox 1199 2292 1240 2356; x_wconf 92' lang='lat' dir='ltr'>ad</span> <span class='ocrx_word' id='word_1_164' title='bbox 1263 2289 1388 2356; x_wconf 88' lang='lat' dir='ltr'>arboris</span> <span class='ocrx_word' id='word_1_165' title='bbox 1411 2291 1517 2354; x_wconf 89' lang='lat' dir='ltr'>notio-</span> 
     </span>
     <span class='ocr_line' id='line_1_19' title="bbox 344 2397 1515 2484; baseline -0.007 -16"><span class='ocrx_word' id='word_1_166' title='bbox 344 2427 418 2470; x_wconf 87' lang='lat' dir='ltr'>nem</span> <span class='ocrx_word' id='word_1_167' title='bbox 441 2404 493 2470; x_wconf 83' lang='lat' dir='ltr'>vel</span> <span class='ocrx_word' id='word_1_168' title='bbox 515 2403 654 2468; x_wconf 86' lang='lat' dir='ltr'>maxime</span> <span class='ocrx_word' id='word_1_169' title='bbox 679 2401 886 2483; x_wconf 65' lang='lat' dir='ltr'>efferendam</span> <span class='ocrx_word' id='word_1_170' title='bbox 914 2421 995 2483; x_wconf 90' lang='lat' dir='ltr'>quae</span> <span class='ocrx_word' id='word_1_171' title='bbox 1019 2400 1147 2484; x_wconf 90' lang='lat' dir='ltr'>quidem</span> <span class='ocrx_word' id='word_1_172' title='bbox 1172 2398 1335 2482; x_wconf 90' lang='lat' dir='ltr'>oppositio</span> <span class='ocrx_word' id='word_1_173' title='bbox 1360 2397 1440 2462; x_wconf 88' lang='lat' dir='ltr'>satis</span> <span class='ocrx_word' id='word_1_174' title='bbox 1465 2420 1515 2461; x_wconf 86' lang='lat' dir='ltr'>ex-</span> 
     </span>
     <span class='ocr_line' id='line_1_20' title="bbox 344 2505 1515 2594; baseline -0.007 -19"><span class='ocrx_word' id='word_1_175' title='bbox 344 2511 497 2594; x_wconf 83' lang='lat' dir='ltr'>primitur</span> <span class='ocrx_word' id='word_1_176' title='bbox 520 2509 675 2573; x_wconf 87' lang='lat' dir='ltr'>chiastieo</span> <span class='ocrx_word' id='word_1_177' title='bbox 706 2531 801 2592; x_wconf 87' lang='lat' dir='ltr'>quern</span> <span class='ocrx_word' id='word_1_178' title='bbox 824 2511 943 2572; x_wconf 87' lang='lat' dir='ltr'>vocant</span> <span class='ocrx_word' id='word_1_179' title='bbox 965 2507 1139 2572; x_wconf 86' lang='lat' dir='ltr'>verborum</span> <span class='ocrx_word' id='word_1_180' title='bbox 1163 2506 1291 2588; x_wconf 81' lang='lat' dir='ltr'>ordine3</span> <span class='ocrx_word' id='word_1_181' title='bbox 1318 2505 1416 2568; x_wconf 90' lang='lat' dir='ltr'>immo</span> <span class='ocrx_word' id='word_1_182' title='bbox 1440 2526 1515 2568; x_wconf 88' lang='lat' dir='ltr'>vero</span> 
     </span>
     <span class='ocr_line' id='line_1_21' title="bbox 345 2611 1515 2702; baseline -0.007 -21"><span class='ocrx_word' id='word_1_183' title='bbox 345 2618 465 2702; x_wconf 83' lang='lat' dir='ltr'>pingue</span> <span class='ocrx_word' id='word_1_184' title='bbox 489 2620 522 2680; x_wconf 90' lang='lat' dir='ltr'>et</span> <span class='ocrx_word' id='word_1_185' title='bbox 544 2616 671 2681; x_wconf 87' lang='lat' dir='ltr'>fervens</span> <span class='ocrx_word' id='word_1_186' title='bbox 687 2616 793 2680; x_wconf 88' lang='lat' dir='ltr'>solum</span> <span class='ocrx_word' id='word_1_187' title='bbox 817 2613 1005 2698; x_wconf 84' lang='lat' dir='ltr'>eligentium</span> <span class='ocrx_word' id='word_1_188' title='bbox 1027 2613 1274 2695; x_wconf 83' lang='lat' dir='ltr'>perversitatem</span> <span class='ocrx_word' id='word_1_189' title='bbox 1292 2611 1420 2695; x_wconf 89' lang='lat' dir='ltr'>planius</span> <span class='ocrx_word' id='word_1_190' title='bbox 1445 2634 1515 2676; x_wconf 91' lang='lat' dir='ltr'>aeu-</span> 
     </span>
     <span class='ocr_line' id='line_1_22' title="bbox 344 2717 1515 2808; baseline -0.005 -21"><span class='ocrx_word' id='word_1_191' title='bbox 344 2724 473 2808; x_wconf 90' lang='lat' dir='ltr'>tiusque</span> <span class='ocrx_word' id='word_1_192' title='bbox 496 2745 563 2787; x_wconf 90' lang='grc'>000</span> <span class='ocrx_word' id='word_1_193' title='bbox 585 2725 715 2806; x_wconf 87' lang='lat' dir='ltr'>poterat</span> <span class='ocrx_word' id='word_1_194' title='bbox 737 2721 862 2786; x_wconf 79' lang='lat' dir='ltr'>Plinius</span> <span class='ocrx_word' id='word_1_195' title='bbox 885 2719 1039 2785; x_wconf 88' lang='lat' dir='ltr'>denotare</span> <span class='ocrx_word' id='word_1_196' title='bbox 1066 2742 1165 2803; x_wconf 89' lang='lat' dir='ltr'>quam</span> <span class='ocrx_word' id='word_1_197' title='bbox 1186 2720 1234 2783; x_wconf 86' lang='lat' dir='ltr'>ita</span> <span class='ocrx_word' id='word_1_198' title='bbox 1257 2722 1294 2782; x_wconf 91' lang='grc'>00</span> <span class='ocrx_word' id='word_1_199' title='bbox 1316 2740 1388 2782; x_wconf 88' lang='lat' dir='ltr'>eam</span> <span class='ocrx_word' id='word_1_200' title='bbox 1411 2717 1515 2801; x_wconf 84' lang='lat' dir='ltr'>ipsam</span> 
     </span>
     <span class='ocr_line' id='line_1_23' title="bbox 345 2823 1516 2913; baseline -0.007 -20"><span class='ocrx_word' id='word_1_201' title='bbox 345 2851 426 2913; x_wconf 88' lang='lat' dir='ltr'>rem,</span> <span class='ocrx_word' id='word_1_202' title='bbox 463 2851 560 2913; x_wconf 91' lang='lat' dir='ltr'>quam</span> <span class='ocrx_word' id='word_1_203' title='bbox 596 2829 645 2893; x_wconf 92' lang='lat' dir='ltr'>illi</span> <span class='ocrx_word' id='word_1_204' title='bbox 672 2828 879 2893; x_wconf 86' lang='lat' dir='ltr'>utilissimam</span> <span class='ocrx_word' id='word_1_205' title='bbox 914 2827 976 2891; x_wconf 86' lang='lat' dir='ltr'>sibi</span> <span class='ocrx_word' id='word_1_206' title='bbox 1010 2825 1182 2908; x_wconf 88' lang='lat' dir='ltr'>opinentur</span> <span class='ocrx_word' id='word_1_207' title='bbox 1219 2823 1377 2909; x_wconf 86' lang='lat' dir='ltr'>quamque</span> <span class='ocrx_word' id='word_1_208' title='bbox 1408 2823 1516 2888; x_wconf 89' lang='lat' dir='ltr'>dedita</span> 
     </span>
     <span class='ocr_line' id='line_1_24' title="bbox 346 2931 1515 3020; baseline -0.004 -21"><span class='ocrx_word' id='word_1_209' title='bbox 346 2957 445 3018; x_wconf 90' lang='lat' dir='ltr'>opera</span> <span class='ocrx_word' id='word_1_210' title='bbox 473 2939 709 3020; x_wconf 78' lang='lat' dir='ltr'>consectentur,</span> <span class='ocrx_word' id='word_1_211' title='bbox 746 2933 949 2998; x_wconf 86' lang='lat' dir='ltr'>fertilitatem</span> <span class='ocrx_word' id='word_1_212' title='bbox 978 2931 1119 3016; x_wconf 88' lang='lat' dir='ltr'>arboris,</span> <span class='ocrx_word' id='word_1_213' title='bbox 1155 2933 1197 2996; x_wconf 92' lang='lat' dir='ltr'>iis</span> <span class='ocrx_word' id='word_1_214' title='bbox 1229 2932 1419 2997; x_wconf 85' lang='lat' dir='ltr'>damnosam</span> <span class='ocrx_word' id='word_1_215' title='bbox 1446 2954 1515 2996; x_wconf 90' lang='lat' dir='ltr'>esse</span> 
     </span>
     <span class='ocr_line' id='line_1_25' title="bbox 346 3037 1514 3125; baseline -0.004 -20"><span class='ocrx_word' id='word_1_216' title='bbox 346 3040 475 3106; x_wconf 85' lang='lat' dir='ltr'>diceret.</span> <span class='ocrx_word' id='word_1_217' title='bbox 526 3043 626 3106; x_wconf 91' lang='lat' dir='ltr'>dere</span> <span class='ocrx_word' id='word_1_218' title='bbox 654 3042 727 3125; x_wconf 91' lang='lat' dir='ltr'>ipsa</span> <span class='ocrx_word' id='word_1_219' title='bbox 759 3040 815 3105; x_wconf 87' lang='lat' dir='ltr'>cfr.</span> <span class='ocrx_word' id='word_1_220' title='bbox 844 3039 942 3104; x_wconf 87' lang='lat' dir='ltr'>etiam</span> <span class='ocrx_word' id='word_1_221' title='bbox 971 3037 1065 3104; x_wconf 86' lang='lat' dir='ltr'>XVII</span> <span class='ocrx_word' id='word_1_222' title='bbox 1094 3039 1177 3122; x_wconf 77' lang='lat'>223,</span> <span class='ocrx_word' id='word_1_223' title='bbox 1205 3037 1243 3102; x_wconf 87' lang='lat' dir='ltr'>de</span> <span class='ocrx_word' id='word_1_224' title='bbox 1271 3038 1409 3104; x_wconf 79' lang='lat' dir='ltr'>dictione</span> <span class='ocrx_word' id='word_1_225' title='bbox 1437 3037 1514 3102; x_wconf 87' lang='lat' dir='ltr'>XIX</span> 
     </span>
    </p>
   </div>
   <div class='ocr_carea' id='block_1_3' title="bbox 322 3149 1515 3977">
    <p class='ocr_par' dir='ltr' id='par_1_3' title="bbox 349 3149 420 3214">
     <span class='ocr_line' id='line_1_26' title="bbox 349 3149 420 3214; baseline 0.028 -2"><span class='ocrx_word' id='word_1_226' title='bbox 349 3149 420 3214; x_wconf 84' lang='lat'>138.</span> 
     </span>
    </p>

    <p class='ocr_par' dir='ltr' id='par_1_4' title="bbox 322 3249 1515 3977">
     <span class='ocr_line' id='line_1_27' title="bbox 433 3249 1514 3322; baseline -0.005 0"><span class='ocrx_word' id='word_1_227' title='bbox 433 3256 482 3322; x_wconf 90' lang='lat' dir='ltr'>De</span> <span class='ocrx_word' id='word_1_228' title='bbox 519 3257 607 3321; x_wconf 89' lang='lat' dir='ltr'>ranis</span> <span class='ocrx_word' id='word_1_229' title='bbox 644 3255 845 3321; x_wconf 88' lang='lat' dir='ltr'>ululantibus</span> <span class='ocrx_word' id='word_1_230' title='bbox 874 3252 992 3317; x_wconf 89' lang='lat' dir='ltr'>dicitur</span> <span class='ocrx_word' id='word_1_231' title='bbox 1021 3249 1070 3316; x_wconf 90' lang='lat' dir='ltr'>XI</span> <span class='ocrx_word' id='word_1_232' title='bbox 1100 3253 1175 3316; x_wconf 74' lang='lat'><strong>173:</strong></span> <span class='ocrx_word' id='word_1_233' title='bbox 1204 3257 1276 3316; x_wconf 83' lang='lat' dir='ltr'>tarro</span> <span class='ocrx_word' id='word_1_234' title='bbox 1303 3254 1418 3317; x_wconf 80' lang='lat' dir='ltr'>eateatr‘</span> <span class='ocrx_word' id='word_1_235' title='bbox 1447 3253 1514 3317; x_wconf 81' lang='lat' dir='ltr'>bae·</span> 
     </span>
     <span class='ocr_line' id='line_1_28' title="bbox 344 3357 1514 3447; baseline -0.005 -19"><span class='ocrx_word' id='word_1_236' title='bbox 344 3383 451 3428; x_wconf 87' lang='lat' dir='ltr'>earara</span> <span class='ocrx_word' id='word_1_237' title='bbox 473 3366 562 3428; x_wconf 79' lang='lat' dir='ltr'>stares</span> <span class='ocrx_word' id='word_1_238' title='bbox 578 3365 754 3447; x_wconf 80' lang='lat' dir='ltr'>perluceat,</span> <span class='ocrx_word' id='word_1_239' title='bbox 777 3361 857 3426; x_wconf 83' lang='grc'><strong>00011</strong></span> <span class='ocrx_word' id='word_1_240' title='bbox 878 3360 1018 3442; x_wconf 72' lang='lat' dir='ltr'>tlapraat</span> <span class='ocrx_word' id='word_1_241' title='bbox 1039 3360 1140 3424; x_wconf 86' lang='lat' dir='ltr'>labore</span> <span class='ocrx_word' id='word_1_242' title='bbox 1156 3359 1323 3442; x_wconf 75' lang='grc'><strong>00000101.</strong></span> <span class='ocrx_word' id='word_1_243' title='bbox 1361 3359 1406 3423; x_wconf 87' lang='grc'>010</span> <span class='ocrx_word' id='word_1_244' title='bbox 1430 3357 1514 3423; x_wconf 85' lang='lat' dir='ltr'>Silli-</span> 
     </span>
     <span class='ocr_line' id='line_1_29' title="bbox 344 3465 1515 3560; baseline -0.006 -26"><span class='ocrx_word' id='word_1_245' title='bbox 344 3471 416 3554; x_wconf 87' lang='lat' dir='ltr'>gius</span> <span class='ocrx_word' id='word_1_246' title='bbox 444 3492 462 3532; x_wconf 93' lang='lat' dir='ltr'>e</span> <span class='ocrx_word' id='word_1_247' title='bbox 490 3469 654 3536; x_wconf 81' lang='lat' dir='ltr'>codicibus</span> <span class='ocrx_word' id='word_1_248' title='bbox 684 3468 858 3552; x_wconf 89' lang='lat' dir='ltr'>Harduini,</span> <span class='ocrx_word' id='word_1_249' title='bbox 895 3470 932 3530; x_wconf 91' lang='lat' dir='ltr'>ut</span> <span class='ocrx_word' id='word_1_250' title='bbox 960 3467 1142 3560; x_wconf 77' lang='lat' dir='ltr'>adnotavit,</span> <span class='ocrx_word' id='word_1_251' title='bbox 1169 3470 1254 3530; x_wconf 91' lang='lat' dir='ltr'>reete</span> <span class='ocrx_word' id='word_1_252' title='bbox 1284 3465 1423 3529; x_wconf 89' lang='lat' dir='ltr'>scribere</span> <span class='ocrx_word' id='word_1_253' title='bbox 1453 3465 1515 3528; x_wconf 92' lang='lat' dir='ltr'>sibi</span> 
     </span>
     <span class='ocr_line' id='line_1_30' title="bbox 322 3571 1515 3661; baseline -0.003 -24"><span class='ocrx_word' id='word_1_254' title='bbox 322 3577 432 3641; x_wconf 49' lang='lat' dir='ltr'>¹visus</span> <span class='ocrx_word' id='word_1_255' title='bbox 461 3581 525 3661; x_wconf 89' lang='grc'><strong>000,</strong></span> <span class='ocrx_word' id='word_1_256' title='bbox 553 3577 714 3659; x_wconf 88' lang='lat' dir='ltr'>ceterique</span> <span class='ocrx_word' id='word_1_257' title='bbox 742 3598 815 3640; x_wconf 79' lang='lat' dir='ltr'>eum</span> <span class='ocrx_word' id='word_1_258' title='bbox 843 3573 945 3638; x_wconf 85' lang='lat' dir='ltr'>secuti</span> <span class='ocrx_word' id='word_1_259' title='bbox 973 3575 1057 3636; x_wconf 86' lang='lat' dir='ltr'>sunt.</span> <span class='ocrx_word' id='word_1_260' title='bbox 1103 3594 1164 3657; x_wconf 91' lang='lat' dir='ltr'>ego</span> <span class='ocrx_word' id='word_1_261' title='bbox 1192 3573 1277 3656; x_wconf 89' lang='lat' dir='ltr'>apud</span> <span class='ocrx_word' id='word_1_262' title='bbox 1304 3571 1515 3654; x_wconf 91' lang='lat' dir='ltr'>Harduinum,</span> 
     </span>
     <span class='ocr_line' id='line_1_31' title="bbox 345 3677 1513 3768; baseline -0.009 -19"><span class='ocrx_word' id='word_1_263' title='bbox 345 3707 541 3768; x_wconf 88' lang='lat' dir='ltr'>quamquam</span> <span class='ocrx_word' id='word_1_264' title='bbox 564 3707 583 3748; x_wconf 89' lang='lat' dir='ltr'>a</span> <span class='ocrx_word' id='word_1_265' title='bbox 605 3682 768 3765; x_wconf 88' lang='lat' dir='ltr'>prioribus</span> <span class='ocrx_word' id='word_1_266' title='bbox 792 3681 959 3746; x_wconf 80' lang='lat' dir='ltr'>discedens</span> <span class='ocrx_word' id='word_1_267' title='bbox 976 3680 1121 3762; x_wconf 75' lang='lat' dir='ltr'>propalet</span> <span class='ocrx_word' id='word_1_268' title='bbox 1144 3679 1254 3764; x_wconf 82' lang='lat' dir='ltr'>edidit,</span> <span class='ocrx_word' id='word_1_269' title='bbox 1277 3677 1360 3742; x_wconf 88' lang='lat' dir='ltr'>nihil</span> <span class='ocrx_word' id='word_1_270' title='bbox 1383 3679 1513 3741; x_wconf 91' lang='lat' dir='ltr'>omnino</span> 
     </span>
     <span class='ocr_line' id='line_1_32' title="bbox 345 3786 1515 3870; baseline -0.007 -16"><span class='ocrx_word' id='word_1_271' title='bbox 345 3790 555 3854; x_wconf 82' lang='lat' dir='ltr'>delectionis</span> <span class='ocrx_word' id='word_1_272' title='bbox 579 3789 735 3854; x_wconf 87' lang='lat' dir='ltr'>varietate</span> <span class='ocrx_word' id='word_1_273' title='bbox 758 3787 880 3870; x_wconf 78' lang='lat' dir='ltr'>inveui3</span> <span class='ocrx_word' id='word_1_274' title='bbox 903 3786 963 3868; x_wconf 85' lang='lat' dir='ltr'>Ma</span> <span class='ocrx_word' id='word_1_275' title='bbox 986 3788 1182 3851; x_wconf 87' lang='lat' dir='ltr'>autemeam</span> <span class='ocrx_word' id='word_1_276' title='bbox 1198 3787 1352 3868; x_wconf 77' lang='lat' dir='ltr'>perpulsi</span> <span class='ocrx_word' id='word_1_277' title='bbox 1373 3786 1515 3850; x_wconf 86' lang='lat' dir='ltr'>habeant</span> 
     </span>
     <span class='ocr_line' id='line_1_33' title="bbox 344 3891 1514 3977; baseline -0.006 -16"><span class='ocrx_word' id='word_1_278' title='bbox 344 3918 403 3961; x_wconf 90' lang='lat' dir='ltr'>nee</span> <span class='ocrx_word' id='word_1_279' title='bbox 426 3895 519 3960; x_wconf 84' lang='lat' dir='ltr'>valde</span> <span class='ocrx_word' id='word_1_280' title='bbox 542 3894 716 3960; x_wconf 88' lang='lat' dir='ltr'>dissimiles</span> <span class='ocrx_word' id='word_1_281' title='bbox 741 3895 808 3958; x_wconf 90' lang='lat' dir='ltr'>sint</span> <span class='ocrx_word' id='word_1_282' title='bbox 821 3900 1002 3958; x_wconf 84' lang='lat' dir='ltr'>ceterorum</span> <span class='ocrx_word' id='word_1_283' title='bbox 1017 3893 1211 3977; x_wconf 84' lang='lat' dir='ltr'>scripturae,</span> <span class='ocrx_word' id='word_1_284' title='bbox 1233 3914 1299 3957; x_wconf 94' lang='lat' dir='ltr'>non</span> <span class='ocrx_word' id='word_1_285' title='bbox 1314 3891 1514 3957; x_wconf 88' lang='lat' dir='ltr'>abiciendum</span> 
     </span>
    </p>
   </div>
   <div class='ocr_carea' id='block_1_4' title="bbox 344 4092 1514 4406">
    <p class='ocr_par' dir='ltr' id='par_1_5' title="bbox 344 4092 1514 4406">
     <span class='ocr_line' id='line_1_34' title="bbox 344 4092 1513 4192; baseline -0.004 -19"><span class='ocrx_word' id='word_1_286' title='bbox 344 4092 438 4173; x_wconf 89' lang='lat' dir='ltr'>mode</span> <span class='ocrx_word' id='word_1_287' title='bbox 461 4108 641 4192; x_wconf 86' lang='lat' dir='ltr'>explicatur</span> <span class='ocrx_word' id='word_1_288' title='bbox 668 4108 850 4174; x_wconf 87' lang='lat' dir='ltr'>vehementi</span> <span class='ocrx_word' id='word_1_289' title='bbox 881 4109 985 4191; x_wconf 91' lang='lat' dir='ltr'>motu,</span> <span class='ocrx_word' id='word_1_290' title='bbox 1016 4130 1079 4191; x_wconf 92' lang='lat' dir='ltr'>quo</span> <span class='ocrx_word' id='word_1_291' title='bbox 1109 4109 1243 4190; x_wconf 88' lang='lat' dir='ltr'>propter</span> <span class='ocrx_word' id='word_1_292' title='bbox 1269 4107 1413 4190; x_wconf 90' lang='lat' dir='ltr'>corporis</span> <span class='ocrx_word' id='word_1_293' title='bbox 1442 4127 1513 4170; x_wconf 91' lang='lat' dir='ltr'>con-</span> 
     </span>
     <span class='ocr_line' id='line_1_35' title="bbox 344 4214 925 4300; baseline -0.007 -19"><span class='ocrx_word' id='word_1_294' title='bbox 344 4216 521 4281; x_wconf 88' lang='lat' dir='ltr'>tentionem</span> <span class='ocrx_word' id='word_1_295' title='bbox 546 4214 670 4279; x_wconf 87' lang='lat' dir='ltr'>cientur</span> <span class='ocrx_word' id='word_1_296' title='bbox 694 4219 726 4279; x_wconf 93' lang='lat' dir='ltr'>et</span> <span class='ocrx_word' id='word_1_297' title='bbox 750 4215 925 4300; x_wconf 84' lang='lat' dir='ltr'>agitantur.</span> 
     </span>
     <span class='ocr_line' id='line_1_36' title="bbox 432 4320 1514 4406; baseline -0.001 -21"><span class='ocrx_word' id='word_1_298' title='bbox 432 4320 587 4386; x_wconf 78' lang='lat' dir='ltr'>Eiusdem</span> <span class='ocrx_word' id='word_1_299' title='bbox 609 4323 684 4386; x_wconf 90' lang='lat' dir='ltr'>libri</span> <span class='ocrx_word' id='word_1_300' title='bbox 707 4326 727 4403; x_wconf 72' lang='lat'>§</span> <span class='ocrx_word' id='word_1_301' title='bbox 751 4322 816 4386; x_wconf 80' lang='lat'>242</span> <span class='ocrx_word' id='word_1_302' title='bbox 840 4321 939 4386; x_wconf 81' lang='lat' dir='ltr'>etiarn</span> <span class='ocrx_word' id='word_1_303' title='bbox 956 4344 1042 4385; x_wconf 87' lang='lat' dir='ltr'>nunc</span> <span class='ocrx_word' id='word_1_304' title='bbox 1065 4322 1233 4406; x_wconf 87' lang='lat' dir='ltr'>vulgatum</span> <span class='ocrx_word' id='word_1_305' title='bbox 1257 4324 1318 4385; x_wconf 86' lang='lat' dir='ltr'>est:</span> <span class='ocrx_word' id='word_1_306' title='bbox 1341 4321 1438 4386; x_wconf 80' lang='lat' dir='ltr'>inesse</span> <span class='ocrx_word' id='word_1_307' title='bbox 1452 4340 1514 4401; x_wconf 76' lang='lat' dir='ltr'>pa-</span> 
     </span>
    </p>
   </div>
   <div class='ocr_carea' id='block_1_5' title="bbox 343 4428 1514 4513">
    <p class='ocr_par' dir='ltr' id='par_1_6' title="bbox 343 4428 1514 4513">
     <span class='ocr_line' id='line_1_37' title="bbox 343 4428 1514 4513; baseline -0.005 -18"><span class='ocrx_word' id='word_1_308' title='bbox 343 4429 423 4496; x_wconf 84' lang='lat' dir='ltr'>batr&#39;s</span> <span class='ocrx_word' id='word_1_309' title='bbox 449 4429 557 4506; x_wconf 82' lang='lat' dir='ltr'>sotera,</span> <span class='ocrx_word' id='word_1_310' title='bbox 594 4429 684 4492; x_wconf 72' lang='lat' dir='ltr'>otiare</span> <span class='ocrx_word' id='word_1_311' title='bbox 712 4429 765 4492; x_wconf 83' lang='grc'>001</span> <span class='ocrx_word' id='word_1_312' title='bbox 796 4450 859 4492; x_wconf 83' lang='grc'>000</span> <span class='ocrx_word' id='word_1_313' title='bbox 886 4431 1008 4493; x_wconf 82' lang='lat' dir='ltr'>atdeta</span> <span class='ocrx_word' id='word_1_314' title='bbox 1017 4451 1047 4513; x_wconf 90' lang='lat' dir='ltr'>r,</span> <span class='ocrx_word' id='word_1_315' title='bbox 1083 4431 1129 4493; x_wconf 83' lang='lat' dir='ltr'>ita</span> <span class='ocrx_word' id='word_1_316' title='bbox 1155 4430 1289 4493; x_wconf 81' lang='lat' dir='ltr'>raaar&#39;rae</span> <span class='ocrx_word' id='word_1_317' title='bbox 1320 4428 1514 4510; x_wconf 64' lang='lat' dir='ltr'>intellegitur,</span> 
     </span>
    </p>
   </div>
   <div class='ocr_carea' id='block_1_6' title="bbox 220 3999 1588 4085">
    <p class='ocr_par' dir='ltr' id='par_1_7' title="bbox 220 3999 1588 4085">
     <span class='ocr_line' id='line_1_38' title="bbox 220 3999 1588 4085; baseline -0.004 -19"><span class='ocrx_word' id='word_1_318' title='bbox 220 4011 223 4020; x_wconf 84' lang='lat'><em>&#39;</em></span> <span class='ocrx_word' id='word_1_319' title='bbox 344 4001 471 4066; x_wconf 86' lang='lat' dir='ltr'>videtur</span> <span class='ocrx_word' id='word_1_320' title='bbox 494 4001 580 4085; x_wconf 92' lang='lat' dir='ltr'>quod</span> <span class='ocrx_word' id='word_1_321' title='bbox 596 4001 644 4065; x_wconf 90' lang='lat' dir='ltr'>·in</span> <span class='ocrx_word' id='word_1_322' title='bbox 665 4001 759 4064; x_wconf 89' lang='lat' dir='ltr'>libris</span> <span class='ocrx_word' id='word_1_323' title='bbox 784 4003 904 4085; x_wconf 87' lang='lat' dir='ltr'>exstat,</span> <span class='ocrx_word' id='word_1_324' title='bbox 932 4023 1009 4065; x_wconf 89' lang='lat' dir='ltr'>nam</span> <span class='ocrx_word' id='word_1_325' title='bbox 1038 4000 1205 4064; x_wconf 79' lang='lat' dir='ltr'>uariorum</span> <span class='ocrx_word' id='word_1_326' title='bbox 1232 3999 1406 4083; x_wconf 87' lang='lat' dir='ltr'>flagrantia</span> <span class='ocrx_word' id='word_1_327' title='bbox 1428 4021 1513 4062; x_wconf 86' lang='lat' dir='ltr'>eom·</span> <span class='ocrx_word' id='word_1_328' title='bbox 1587 4003 1588 4010; x_wconf 75' lang='grc'>’</span> 
     </span>
    </p>
   </div>
   <div class='ocr_carea' id='block_1_7' title="bbox 0 0 1610 5088">
    <p class='ocr_par' dir='ltr' id='par_1_8' title="bbox 0 0 1610 5088">
     <span class='ocr_line' id='line_1_39' title="bbox 0 0 1610 5088; baseline 0 0"><span class='ocrx_word' id='word_1_329' title='bbox 0 0 1610 5088; x_wconf 95' lang='lat' dir='ltr'> </span> 
     </span>
    </p>
   </div>
  </div>
 </body>
</html>
