3212 5088
712 381 752 444 13

145 577 347 662 expedierint
370 576 451 640 mihi
473 597 540 640 non
561 576 671 660 liquet.
697 577 904 660 opponuntur
928 574 1013 639 euim
1040 575 1126 638 inter
1149 595 1183 637 se
1207 577 1239 637 et
1261 595 1317 638 rex

144 689 177 748 et
202 684 323 758 ‘cetera
345 682 463 766 turba',
488 703 569 766 quae
591 703 722 746 necesse
746 685 796 746 est
819 685 946 746 constet
965 703 1003 745 ex
1022 682 1138 765 apibus
1158 680 1315 764 operariis

144 794 177 854 et
195 791 287 874 fucis,
306 789 464 874 siquidem
483 788 679 853 Aristoteles
700 789 720 852 l.
739 789 760 852 l.
781 788 873 853 dicit:
898 788 1099 868 αὐξανόμενα
1119 791 1153 852 δὲ
1173 789 1316 864 γίνονται

144 899 285 976 μέλιτται
308 899 532 976 καὶίιηφῆνεε.
556 917 652 980 quam
677 895 718 958 ob
742 917 811 960 rem
835 895 942 960 verbis
972 895 1101 979 alfaei,
1124 915 1240 962 serenes
1262 900 1318 960 eet

144 1005 282 1086 eepleeees
300 1025 367 1068 non
385 1005 495 1087 potest
514 1001 634 1066 ‘cetera
652 1001 760 1066 turba'
775 1002 924 1086 partibus
940 1003 1006 1068 suis
1022 1002 1185 1086 descripta
1198 1002 1317 1086 putari,

145 1111 221 1194 quia
241 1110 356 1174 desunt
375 1131 461 1194 apes,
480 1131 556 1192 pars
576 1109 726 1174 maxima.
746 1113 894 1193 superest
912 1110 1015 1194 igitur
1029 1133 1066 1173 ea
1080 1109 1317 1194 interpretatio,

145 1240 208 1300 que
237 1220 377 1281 ceteram
405 1216 535 1280 turbam
565 1216 726 1300 nymphas
755 1217 866 1280 vocari
895 1215 1131 1300 intellegamus,
1159 1220 1196 1280 ut
1219 1217 1317 1280 etiam

144 1325 220 1408 fuci,
245 1345 371 1388 serenes
397 1326 453 1386 eut
472 1322 629 1405 cephenes
648 1324 811 1406 nymphae
831 1326 994 1407 vocentur,
1013 1323 1318 1407 quemadmodum

145 1429 342 1494 Aristoteles
360 1429 391 1493 h.
411 1451 437 1493 a.
457 1427 488 1494 V
511 1430 549 1493 19
569 1453 599 1512 p.
619 1429 680 1494 551
703 1429 742 1514 A,
758 1430 800 1494 30
816 1431 948 1514 sqq.nod
963 1430 1023 1508 γὰρ
1038 1429 1069 1492 οἱ
1084 1433 1149 1492 τῶν
1164 1433 1318 1508 μελιττῶν

144 1539 196 1601 καὶ
225 1535 393 1628 ἀνθρηνῶν
422 1537 473 1600 καὶ
502 1540 632 1615 εφηιιῶν
661 1534 758 1622 (νέοι)
774 1588 802 1600 ..
828 1537 908 1602 ὅταν
931 1539 966 1600 έκ
989 1540 1055 1600 τῶν
1080 1539 1250 1616 τκωλήιιαιν
1274 1537 1318 1601 εἰ(

145 1647 203 1723 τὴν
228 1645 420 1708 διατύπωειν
444 1641 565 1723 ἕλθωει,
589 1648 761 1708 καλοῦνται
785 1645 842 1722 μὲν
867 1644 988 1723 νύμφαι
1011 1642 1093 1706 τότε.
1117 1643 1192 1708 huic
1211 1647 1319 1706 autem

144 1750 266 1815 rationi
288 1772 403 1834 parum
427 1753 538 1833 aptum
563 1751 613 1814 est
635 1756 690 1814 eat
714 1753 746 1813 et
770 1750 888 1834 obstat,
913 1749 998 1833 quod
1019 1748 1086 1812 fuci
1110 1753 1142 1812 et
1161 1751 1318 1833 cephenes

146 1839 213 1922 non
232 1862 308 1922 sunt
328 1857 455 1922 diversa
474 1857 673 1946 insectorum
688 1879 815 1943 genera,
830 1857 884 1921 sed
904 1856 1047 1921 eiusdem
1061 1845 1178 1920 insecti
1193 1857 1320 1922 diversa

144 1965 286 2028 nomina.
316 1985 415 2047 quare
443 1967 604 2028 commate
633 1962 738 2027 deleto
767 1964 974 2048 interpretari
998 1965 1084 2028 malo
1107 1970 1143 2028 at
1161 1965 1228 2045 saei
1250 1961 1318 2051 (vo-

146 2067 276 2156 cantur)
299 2091 415 2135 serenes
437 2075 495 2133 eret
516 2069 663 2152 eepleeees,
688 2073 724 2133 ut
746 2069 872 2134 Plinius
894 2092 1013 2134 serenes
1041 2073 1073 2134 et
1096 2071 1235 2152 cepteoes
1258 2095 1317 2155 pro

146 2176 277 2242 duobus
287 2177 434 2240 fucorum
447 2176 634 2241 nominibus
650 2174 782 2240 Graecis
798 2177 966 2261 acceperit.
980 2200 1056 2240 nam
1077 2178 1162 2262 apud
1177 2176 1318 2242 Graecos

146 2306 273 2369 quoque
299 2283 379 2348 illud
406 2282 599 2347 vocabulum
622 2283 825 2347 rarissimum
849 2287 899 2347 est
920 2305 979 2348 nee
1003 2285 1123 2368 legitur
1145 2285 1209 2348 nisi
1234 2285 1319 2367 apud

149 2389 358 2454 Aristotelem
388 2390 420 2453 h.
448 2413 476 2454 a.
498 2387 546 2453 IX
568 2391 612 2453 40
635 2413 666 2473 p.
691 2391 754 2454 623
779 2389 816 2473 B,
842 2392 892 2473 11,
915 2390 970 2453 ubi
995 2390 1119 2475 apibus,
1143 2413 1224 2474 quae
1248 2413 1319 2476 gre-

147 2497 236 2582 gales
270 2499 358 2580 sunt,
390 2497 455 2559 tria
485 2517 604 2580 genera
633 2496 782 2560 solitaria
810 2497 955 2579 opponit,
984 2518 1111 2562 serenes
1139 2520 1258 2580 parvos
1288 2502 1320 2562 et

147 2604 286 2668 maiores
319 2605 352 2666 et
383 2602 583 2686 bombylios,
615 2601 699 2665 unde
733 2625 859 2666 serenes
893 2602 1021 2667 videtur
1056 2625 1132 2686 apes
1163 2604 1320 2688 quasdam

147 2715 292 2797 agrestes
315 2709 512 2794 intellegere,
537 2712 569 2772 et
592 2708 678 2792 apud
700 2707 873 2773 Aelianum
898 2708 935 2772 de
954 2713 1020 2774 nat.
1039 2732 1088 2773 an.
1107 2709 1156 2775 IV
1174 2709 1195 2774 5
1214 2706 1319 2791 εειρήν

147 2818 290 2902 μελίττης
319 2816 437 2896 ὄνομα,
465 2814 496 2878 V
524 2814 576 2898 m,
608 2815 665 2880 ubi
694 2838 732 2879 ex
760 2816 908 2900 professo
938 2817 975 2881 de
1000 2817 1112 2899 apium
1134 2817 1319 2882 nominibus

147 2925 226 3008 agit,
248 2923 403 3004 ἡγεμόνε(
423 2922 596 2986 καλοῦνταί
617 2943 709 3002 τινεε,
729 2925 780 2987 καὶ
801 2922 894 2988 ἄλλαι
915 2928 1054 3002 εειρῆνεε
1074 2926 1124 2987 καὶ
1143 2925 1320 3004 ἐργοφόροι

146 3031 230 3094 τινὲε
260 3031 311 3092 καὶ
344 3030 448 3107 έτεραι
481 3028 657 3109 πλάττιδεε,
689 3033 859 3113 praeterea
892 3029 978 3113 apud
1009 3029 1208 3114 Hesychium
1242 3055 1266 3096 s.
1289 3056 1318 3097 v.

147 3139 261 3216 εειρήν
290 3137 340 3200 καὶ
368 3137 509 3216 μέλιττα,
538 3139 556 3216 ἢ
581 3137 725 3215 μελίττηε
754 3137 849 3217 οἶκοί,
874 3140 906 3200 et
929 3136 1015 3219 apud
1036 3135 1190 3201 Photium
1213 3142 1320 3202 exstat

147 3263 258 3306 versus
277 3242 508 3325 proverbialis:
528 3245 633 3322 εειρὴν
654 3246 710 3320 μὲν
726 3244 823 3323 φίλαν
838 3243 996 3322 ἀγγέλλει,
1011 3247 1118 3308 ξεῖνον
1134 3246 1168 3307 δὲ
1184 3247 1318 3322 μέλιεεα.

147 3370 211 3432 quo
244 3347 371 3412 facilius
401 3349 436 3411 in
467 3348 560 3412 illum
594 3370 736 3413 errorem
767 3348 890 3414 Plinius
923 3350 1031 3413 induci
1062 3353 1201 3432 poterat.
1233 3351 1319 3416 idem

147 3455 250 3520 sensit
285 3453 532 3539 Dalecampius,
569 3478 641 3520 eum
678 3455 859 3521 adnotaret:
898 3455 1071 3540 ‘nymphae
1105 3460 1181 3520 sunt
1212 3479 1319 3542 apum,

147 3544 329 3646 vesparum,¹
348 3563 550 3646 crabronum,
565 3563 685 3626 sirenes
705 3562 873 3648 fucorum’,
888 3566 920 3626 et
935 3562 1104 3627 dilucidius
1119 3563 1319 3629 Harduinus:

148 3669 238 3752 ‘apes
254 3669 339 3732 enim
353 3668 495 3733 iuniores
510 3669 683 3753 nymphae,
698 3669 763 3732 luci
778 3675 917 3748 εειρῆνεε
933 3673 990 3734 aut
1004 3677 1144 3750 κηφῆνεε
1154 3675 1319 3754 vocantur,

147 3775 204 3857 qui
228 3797 300 3838 cum
324 3774 499 3839 adultiores
525 3779 609 3859 suut,
632 3775 699 3840 fuci
723 3775 1014 3861 cognominantur'‚
1039 3777 1094 3841 sed
1117 3780 1231 3840 neuter
1250 3799 1318 3840 ver-

146 3881 264 3946 borum
286 3882 579 3965 interpunctionem
602 3881 678 3944 huic
701 3884 879 3947 sententiae
904 3882 1170 3948 adcommodavit.

237 3986 269 4052 N
271 4010 313 4052 on
322 3988 548 4052 recurrendum
559 3986 600 4052 ad
610 3986 818 4053 Aristotelem
829 3993 880 4054 est
891 3989 937 4053 XI
951 3989 1003 4074 50,
1015 3990 1071 4053 ubi
1081 3991 1119 4052 de
1129 3989 1197 4054 fetu
1208 3991 1318 4075 apium

146 4115 285 4158 narrans
304 4095 453 4178 impediri
473 4118 546 4160 eum
567 4097 600 4159 et
615 4095 713 4159 deleri
727 4096 850 4160 Plinius
866 4096 943 4160 dicit
957 4118 995 4160 eo
1011 4096 1096 4178 quod
1110 4099 1243 4161 vocetur
1257 4099 1318 4162 cla-

145 4223 223 4266 ues:
245 4203 282 4283 fit
302 4203 338 4265 ιἰι
358 4202 441 4282 sevis
463 4203 645 4284 quibusdem
668 4205 722 4284 qai
744 4209 868 4267 oeeoteer
891 4205 1031 4280 olenus,
1054 4224 1181 4267 neaerae
1199 4205 1318 4268 duritie

146 4329 240 4386 ceree,
264 4328 332 4370 eune
357 4309 454 4387 setene
478 4311 547 4373 lude
568 4331 631 4374 ιιαιι
655 4303 789 4394 ederacee,
812 4311 914 4374 uerbo
937 4315 994 4373 eat
1014 4312 1140 4391 ν’μιιανία
1162 4316 1219 4374 oet
1238 4311 1317 4391 iufe-

145 4415 303 4478 caude'lete
328 4416 475 4479 eoteonlt
503 4415 552 4478 lete
579 4422 622 4480 est
650 4417 773 4481 abortus
801 4419 915 4498 opleta.
945 4417 991 4480 ita
1014 4419 1090 4498 post
1113 4415 1317 4482 Harduinum
