3212 5088
914 379 955 440 10

855 467 1014 475 ---——-—-

283 591 287 596 '
348 575 464 658 quibus
493 574 600 638 fontes
628 573 770 638 breviter
799 571 969 654 indicaret3
997 571 1053 634 sed
1080 572 1115 634 in
1142 571 1194 634 his
1223 591 1320 653 quam
1343 593 1408 636 non
1431 577 1520 635 esset

347 679 612 765 acquiescendum
626 683 846 764 quantumque
862 679 1026 762 expediret
1036 681 1142 742 totum
1155 677 1364 761 comparandi
1373 677 1520 742 laborem

348 789 386 851 de
409 787 537 871 integro
559 787 666 852 subire
685 809 757 850 nico
779 786 848 868 ipse
868 786 1014 868 exemplo
1037 787 1188 867 expertus
1211 807 1295 866 sum,
1316 785 1370 866 qui
1393 785 1519 868 aliquot

347 896 435 958 locos
464 893 641 958 invenerim
673 917 691 956 a
720 892 835 956 ceteris
859 891 1001 955 noudum
1025 891 1193 975 indicatos,
1218 895 1253 954 ut
1276 913 1315 954 ex
1337 890 1397 954 tali
1422 891 1517 974 spici-

346 1000 432 1084 legio
457 1001 641 1064 etiamnunc
668 999 755 1062 haud
783 998 976 1062 mediocrem
1007 999 1146 1062 fructum
1174 997 1297 1080 percipi
1319 1019 1415 1080 posse
1438 997 1517 1061 mihi

347 1111 470 1170 certum
495 1108 546 1171 sit.

436 1213 543 1298 Atque
572 1215 652 1280 hacc
681 1214 809 1298 quidem
839 1213 979 1277 strictim
1002 1213 1162 1276 indicasse
1186 1213 1248 1276 hoc
1272 1213 1342 1278 loco
1367 1211 1518 1294 sufficiat,

347 1321 500 1404 quoniam
532 1322 712 1386 accuratius
741 1320 779 1384 de
807 1320 952 1386 fontibus
984 1321 1141 1384 disserere
1166 1320 1382 1384 strationem
1406 1343 1460 1384 eos
1484 1321 1518 1383 in

347 1428 459 1491 critico
489 1427 622 1512 negotio
656 1425 829 1490 adhibendi
862 1448 1021 1508 exponere
1051 1427 1187 1509 longum
1220 1428 1270 1488 est
1301 1427 1334 1488 et
1365 1426 1398 1488 in
1431 1425 1518 1491 aliud

347 1537 476 1616 tempus
492 1531 742 1617 differendum.2)
767 1555 825 1596 nec
845 1533 951 1596 minus
970 1533 1100 1596 interim
1121 1555 1275 1614 seponam
1294 1533 1383 1598 locos
1398 1553 1518 1617 omnes,

348 1641 383 1702 in
408 1639 524 1722 quibus
549 1639 834 1704 de-emcndatione
858 1662 924 1704 non
946 1642 1015 1702 tarn
1038 1642 1160 1702 certum
1184 1639 1264 1702 mihi
1287 1637 1440 1703 iudicium
1459 1645 1518 1722 est,

347 1749 384 1808 ut
414 1767 480 1808 non
512 1747 582 1827 ipse
616 1745 810 1810 dubitationi
842 1747 950 1810 locum
976 1746 1169 1829 relinquam3
1193 1745 1249 1808 sed
1271 1747 1308 1808 ut
1330 1744 1410 1809 hacc
1433 1768 1517 1809 com-

347 1851 504 1916 mentatio
529 1853 622 1935 quasi
647 1853 834 1935 appendicis
858 1853 909 1916 vel
932 1852 1041 1934 potius
1065 1851 1279 1934 praefationis
1303 1851 1433 1917 criticae
1453 1853 1518 1916 cdi·

347 1958 446 2022 tionis
479 1981 569 2022 meae
602 1959 705 2023 vicem
739 1959 894 2041 obtineat,
926 1958 1063 2022 selectas
1088 1959 1212 2042 aliquot
1233 1958 1388 2023 lectiones
1412 1961 1517 2022 causis

347 2065 489 2128 breviter
522 2065 640 2128 additis
671 2067 845 2160 proferam,
874 2065 990 2148 quibus
1015 2068 1132 2148 textus,
1156 2064 1284 2148 qualem
1308 2087 1367 2149 ego
1392 2066 1516 2130 confor-

346 2172 500 2234 mandum
523 2193 647 2257 censeo,
670 2172 867 2254 discrepabit
890 2194 910 2234 a
932 2170 1112 2234 Detlefseni
1136 2171 1285 2256 editione,
1308 2194 1388 2255 quae
1407 2175 1444 2236 ut
1461 2194 1517 2237 uo-

347 2277 482 2342 uissima
504 2279 552 2342 ita
574 2280 715 2343 maxime
739 2279 843 2342 adhuc
866 2277 1037 2342 emendata
1059 2278 1095 2340 in
1117 2278 1282 2360 publicum
1305 2277 1434 2360 prodiit.
1462 2299 1517 2342 eas

348 2386 457 2448 autem
471 2385 519 2448 ita
534 2386 714 2468 disponam,
728 2387 765 2448 ut
779 2385 937 2449 librorum
952 2407 1048 2448 manu
1064 2385 1268 2469 scriptorum,
1278 2388 1375 2468 prout
1384 2385 1517 2468 quisque

347 2491 648 2572 praestantissimus
669 2492 816 2574 habetur,
836 2492 980 2555 ordinem
996 2513 1121 2575 sequar,
1136 2513 1308 2575 eorumque
1324 2491 1517 2574 scripturam

347 2600 417 2660 tum
444 2597 615 2661 restituam
643 2601 711 2661 tum
740 2598 879 2681 reiciam,
904 2598 1093 2682 coniunctis,
1117 2600 1272 2682 quantum
1295 2597 1365 2660 fieri
1388 2591 1517 2680 poterit,

348 2703 428 2767 loeis
455 2703 504 2787 iis,
533 2705 587 2787 qui
616 2704 860 2768 similitudinem
888 2705 1031 2788 aliquam
1054 2704 1127 2768 vitii
1152 2705 1203 2768 vel
1225 2704 1359 2768 remedii
1381 2727 1457 2787 prae
1483 2728 1516 2768 se

347 2809 461 2872 ferant.
490 2809 635 2894 singulos
664 2811 718 2894 qui
745 2810 871 2874 facilius
900 2810 1043 2874 invenire
1071 2812 1191 2896 volent,
1214 2833 1325 2874 eorum
1348 2811 1515 2876 commodo

347 2915 451 2980 indice
474 2917 621 2980 locorum
645 2917 815 2982 subiuncto
841 2922 915 3001 apte
938 2918 1162 3001 prospicietur.

420 3160 441 3229 ἲ)
460 3163 502 3216 De
527 3162 634 3216 ratione
659 3181 729 3231 quae
752 3163 825 3217 inter
843 3163 1023 3218 Aristotelem
1041 3163 1200 3218 intercessit
1218 3165 1247 3218 et
1264 3163 1394 3234 Plinium,
1413 3167 1445 3218 ut
1462 3167 1516 3220 hoc

347 3269 432 3304 unum
451 3251 573 3306 breviter
589 3269 795 3320 praemoneam,
815 3253 990 3307 consentiens
1010 3271 1073 3306 cum
1092 3251 1248 3322 Montignio
1263 3273 1290 3322 p.
1306 3259 1339 3308 52
1355 3252 1395 3306 sic
1410 3254 1513 3308 statuo:

348 3338 455 3392 Plinius
470 3340 591 3410 perlegit
604 3340 716 3409 quidem
731 3340 880 3411 diligenter
895 3343 923 3396 et
937 3343 1066 3396 accurate
1081 3342 1175 3396 omnia
1185 3341 1343 3396 Aristotelis
1363 3343 1397 3397 de
1416 3346 1515 3399 natura

348 3446 440 3482 rerum
463 3429 574 3498 scripta,
599 3431 629 3483 at
650 3448 706 3494 non
729 3431 867 3500 excerpsit
889 3431 949 3500 ipse
972 3432 1041 3498 tota,
1067 3432 1115 3485 sed
1134 3449 1180 3485 eas
1199 3432 1310 3484 tantum
1329 3433 1430 3502 partes,
1446 3451 1514 3502 quas

346 3517 470 3572 nondum
493 3536 510 3571 a
533 3519 665 3588 Pompeio
691 3519 792 3588 Trogo,
815 3519 929 3589 Nigidio
949 3520 1057 3589 Figulo,
1076 3519 1139 3574 aliis
1158 3520 1323 3589 compilatas
1342 3523 1426 3592 atquc
1445 3523 1513 3577 adeo

346 3605 375 3658 in
398 3606 530 3660 Latinum
554 3625 708 3662 sermonem
731 3609 881 3662 translatas
905 3627 965 3663 esse
988 3608 1103 3663 videret.
1128 3609 1228 3677 quibus
1251 3609 1424 3680 inpartibus
1445 3615 1514 3680 dnae

347 3697 459 3749 narrata
481 3699 572 3762 erant,
596 3696 707 3750 facilius
731 3699 792 3751 erat
814 3699 842 3750 et
865 3697 956 3766 magis
979 3700 1168 3767 opportunum
1192 3716 1226 3752 ex
1248 3699 1347 3753 horum
1371 3701 1515 3754 auctorum

346 3784 519 3839 versionibus
545 3803 699 3855 excerpere.
724 3787 759 3839 od
783 3787 834 3839 hos
854 3785 1000 3855 aptissime
1023 3785 1108 3840 refert
1126 3786 1298 3855 Montignius
1317 3807 1343 3857 p.
1364 3795 1397 3843 38
1417 3809 1443 3843 n.
1466 3797 1513 3844 137

347 3874 416 3928 haec
439 3874 620 3943 praefationis
643 3875 741 3929 verba:
765 3881 780 3939 ξ
805 3882 837 3928 22
857 3877 923 3930 scito
942 3877 1013 3929 euim
1031 3878 1208 3942 conferentem
1227 3882 1349 3932 auctores
1367 3895 1406 3932 roc
1424 3881 1515 3947 depre-

346 3963 468 4016 hendisse
491 3965 757 4018 odoratissimis
781 3969 805 4017 et
824 3966 992 4033 proximis
1014 3970 1111 4018 veteres
1134 3966 1313 4034 transcriptos
1341 3967 1378 4020 ud
1407 3969 1516 4022 ocrburu

346 4068 430 4119 nepae
453 4053 613 4107 nominatos.
637 4052 688 4106 ita'
700 4052 807 4106 factum
826 4054 877 4120 est,
897 4055 928 4106 ut
946 4052 1053 4106 Plinius
1071 4053 1314 4122 nonnullis‘locis,
1332 4054 1382 4108 ubi
1399 4055 1517 4110 tradidit

347 4157 417 4208 quae
435 4139 616 4196 Aristotelica
635 4127 706 4209 s'unt,
725 4143 840 4211 repente
857 4143 969 4211 praeter
988 4142 1224 4212 exspectationem
1242 4145 1334 4213 Trogo
1355 4145 1397 4212 (ut
1410 4144 1436 4198 X
1456 4151 1515 4200 101.

346 4229 386 4282 XI
404 4231 465 4298 273)
485 4231 515 4282 et
532 4229 646 4299 Nigidio
666 4231 708 4298 (ut
726 4230 765 4284 IX
785 4232 846 4299 185)
867 4230 1028 4300 adsignaret
1046 4231 1148 4300 aliqua,
1164 4249 1234 4301 quae
1249 4250 1283 4287 ex
1297 4233 1395 4287 eodem
1409 4233 1516 4288 Aristo-

346 4315 430 4372 telico
447 4313 510 4373 loco
530 4319 642 4374 auctore
661 4335 717 4373 non
733 4317 878 4374 nominato
896 4319 1043 4390 desumpta
1057 4322 1142 4376 erant.
