3212 5088
676 362 715 425 19

105 559 168 624 hoc
197 579 323 642 quoque
352 558 425 623 1000
454 556 558 622 dicere
584 556 690 641 possit
719 577 847 620 asarum
877 577 947 620 0110
971 553 1091 618 semine
1115 553 1281 618 acinosum

105 665 126 728 i.
159 687 185 729 0.
218 685 328 728 semen
364 663 465 728 acinis
504 663 609 728 simile
646 663 774 727 ferens?
811 661 1004 746 praesertim
1041 682 1113 724 cum
1152 658 1282 724 accedat

105 768 308 836 Dioscoridis
329 771 515 855 auctoritas,
535 768 590 854 qui
608 769 659 833 19
675 769 790 833 iisdem
805 768 913 833 verbis
929 767 1022 831 dicit:
1042 768 1093 831 καὶ
1108 768 1145 830 τὸ
1161 769 1281 845 επὲρμα

105 878 212 942 ἐοικὸς
238 877 386 962 γιγάρτῳ.
420 877 492 943 Iani
522 881 631 941 autem
658 876 753 960 ratic,
781 875 848 939 sive
876 876 1037 940 calumum
1067 895 1139 937 cum
1167 873 1282 938 semiue

107 984 174 1048 sive
190 1006 263 1049 cum
277 986 399 1066 soporis
413 984 629 1069 coniungitur,
642 1005 684 1047 110
699 983 777 1046 ferri
792 981 920 1066 quidem
934 982 1053 1064 potest.
1067 1001 1144 1043 nam
1158 978 1281 1043 ‘semen

107 1090 284 1154 acinorum'
313 1090 677 1174 apud'Plinium'essel
706 1110 816 1153 semen
838 1087 942 1152 simile
967 1087 1133 1152 acinorum
1158 1085 1282 1172 semini,

107 1197 197 1260 cuius
228 1221 305 1261 usus
335 1197 523 1262 creberrimi
551 1197 699 1279 exempla
729 1195 854 1279 aliquot
882 1193 1049 1278 composui
1077 1195 1137 1258 lue.
1165 1215 1194 1278 p.
1224 1193 1282 1278 323

107 1303 273 1368 acinorum
302 1307 411 1368 autem
440 1326 550 1368 semen
577 1302 654 1386 quid
684 1301 756 1367 est?
779 1323 891 1366 rursus
916 1301 1001 1366 asari
1026 1322 1134 1365 semen
1162 1299 1283 1363 habere

107 1409 275 1474 acinorum
300 1432 450 1494 saporem
473 1409 613 1474 calidum
637 1431 673 1472 ac
696 1408 846 1472 vinosum
868 1429 972 1491 neque
996 1429 1054 1490 per
1078 1428 1111 1470 se
1131 1403 1282 1470 credibile

108 1518 210 1579 011-01
224 1520 386 1600 repugnat
398 1539 465 1580 non
480 1515 575 1579 modo
590 1514 785 1598 Dioscoridi,
800 1514 854 1598 qui
869 1513 986 1577 radicis
1002 1524 1151 1596 saporem
1166 1511 1282 1576 descri-

109 1620 169 1702 bit,
185 1623 240 1686 s'ed
256 1624 355 1686 etiam
364 1622 462 1686 Plinii
475 1621 584 1686 verbis
598 1619 676 1684 XXI
688 1621 752 1684 134
769 1620 967 1700 effoditur,
986 1642 1055 1685 curu
1072 1621 1152 1701 folio
1166 1621 1284 1684 mittere

108 1729 227 1814 incipit,
250 1735 279 1794 ct
299 1731 334 1794 iu
356 1730 418 1794 sole
439 1729 580 1807 siccutur,
604 1728 686 1792 unde
706 1724 1175 1814 1011001111110110910100016)

107 1937 201 1988 causa,
221 1921 353 1974 mendum
371 1923 466 1975 autem
484 1937 499 1974 e
518 1919 669 1990 geminatis
685 1920 800 1989 syllabis
816 1923 909 1975 ortum
923 1921 1034 1976 videtur
1048 1921 1282 1976 ruceiucse'smosis.

107 2008 230 2063 molesta
254 2027 320 2063 sane
344 2014 387 2063 011
410 2011 437 2062 01
459 2009 595 2078 impedita
620 2009 753 2062 orationis
777 2010 868 2064 forma
887 2011 923 2064 ob
940 2010 1023 2064 nimis
1042 2010 1166 2080 amplam
1184 2025 1282 2079 paren-

105 2097 210 2165 thesin,
225 2115 280 2166 qua
294 2098 350 2160 alia
364 2098 426 2152 aliis
441 2097 653 2167 subiungantur,
665 2099 714 2152 sed
726 2098 796 2152 talia
811 2097 921 2168 saepius
936 2097 1115 2153 inveniuntur
1129 2100 1158 2153 01
1171 2097 1285 2167 propria

107 2185 177 2238 sunt
193 2183 280 2241 Plinii
298 2186 363 2240 stilo
381 2186 480 2253 veloci,
500 2205 554 2255 quo
574 2205 657 2254 quam
676 2187 811 2256 plurimas
830 2205 874 2241 res
893 2187 1056 2242 brevissime
1075 2188 1104 2240 et
1123 2185 1283 2240 summatim

112 2275 349 2343 comprehendere
369 2275 488 2330 studeat.
508 2277 654 2345 praetcrea
672 2276 777 2330 multae
796 2276 977 2346 parentheses
995 2276 1071 2330 haud
1090 2274 1147 2329 1010
1166 2292 1203 2328 011
1219 2274 1285 2328 111ᾱο

108 2362 248 2432 originem
270 2365 412 2432 traxerint,
437 2365 512 2433 quod
536 2364 642 2418 Plinius
666 2364 771 2434 passim
790 2364 990 2418 adnotamenta
1008 2363 1144 2433 quaedam
1163 2362 1285 2432 margini

109 2451 259 2520 adspersit,
285 2470 355 2522 quae
379 2452 527 2520 quominus
551 2451 675 2520 reliquae
695 2451 814 2506 orationi
834 2451 981 2506 continuae
1001 2454 1065 2521 apte
1083 2453 1219 2506 insereret
1237 2452 1284 2504 ad-

108 2541 364 2609 commodaretque,
383 2543 472 2594 morte
491 2541 636 2610 repentina
653 2541 805 2611 impeditus
825 2542 874 2594 011.

184 2629 206 2698 ⁶)
226 2628 356 2684 Ceterum
374 2629 410 2682 ab
428 2629 482 2682 hoc
507 2629 571 2684 loco
599 2629 741 2684 discedere
760 2627 909 2698 nonlicet,
928 2629 997 2698 quin
1015 2629 1098 2682 simul
1116 2629 1193 2684 aliud
1207 2629 1283 2699 quid-

109 2717 177 2771 dam
203 2715 372 2785 significetur
396 2717 487 2771 iustae
514 2717 667 2787 suspicioni
692 2718 850 2772 obnoxium.
881 2735 946 2772 nam
979 2735 1049 2786 quae
1074 2718 1232 2772 Dioscoridi
1257 2720 1285 2772 ct

109 2804 203 2859 Plinio
233 2804 263 2858 in
287 2806 341 2859 hac
366 2805 441 2860 asari
465 2805 652 2876 descriptione
678 2807 837 2863 communia
863 2810 935 2875 sunt,
963 2825 996 2862 ea
1020 2808 1113 2862 omnia
1135 2825 1224 2878 paene
1248 2807 1285 2860 ad

109 2893 228 2948 verbum
246 2894 319 2948 inter
340 2911 369 2948 se
389 2894 567 2949 consentiunt
584 2913 674 2964 neque
689 2895 817 2950 Pliniana
830 2895 881 2950 illa
894 2898 1002 2964 saporis
1016 2899 1101 2952 calidi
1115 2913 1147 2950 oc
1160 2896 1272 2950 ctuosi
1277 2939 1283 2964 ,

109 3000 282 3052 quamquam
300 2983 363 3038 aliis
382 2983 452 3038 locis
472 2983 641 3039 adiectivum
659 2986 775 3038 murdac
792 2983 823 3036 in
841 3001 871 3055 10
889 2984 942 3038 1011
959 2985 1088 3056 usurpari
1107 2986 1185 3053 solet,
1205 2984 1284 3038 dissi-

111 3070 193 3126 milia
211 3073 276 3126 sunt
294 3070 465 3126 Dioscuridis
482 3072 575 3126 verbis
590 3073 780 3140 θερμαίνουεαι
795 3075 839 3126 καὶ
854 3075 1000 3126 δάκνουεαι
1014 3074 1074 3127 λίαν
1087 3077 1139 3141 τὴν
1153 3078 1284 3142 γλῶεεαν,

110 3179 177 3214 cum
200 3160 298 3214 eodem
321 3177 404 3214 sensu
428 3161 461 3215 de
484 3161 567 3216 iunco
591 3161 667 3214 dicat
690 3161 755 3214 XXI
775 3169 825 3217 120
843 3164 953 3216 uiuosue
970 3163 1159 3216 uuordocilatis
1177 3162 1214 3216 od
1232 3163 1284 3215 liu-

108 3267 201 3320 puam,
222 3265 292 3317 quae
311 3248 404 3303 Diosc.
424 3251 437 3302 1
457 3257 490 3304 16
509 3249 640 3320 exprimit
659 3253 702 3302 καί
723 3253 876 3314 δάκνουεωι
895 3253 946 3317 τὴν
961 3254 1083 3314 γλώεεαν
1099 3251 1285 3316 perducitur

109 3339 269 3405 πυρώεεωε.
290 3337 455 3405 (Urlichsius
475 3339 588 3408 quidem
606 3337 681 3394 vind.
701 3339 771 3393 Plin.
791 3340 817 3392 Il
831 3359 858 3394 n.
878 3345 929 3396 465
948 3341 1054 3394 virosae
1068 3337 1195 3404 coniecit,
1210 3337 1285 3406 quod

109 3426 160 3495 qui
179 3443 243 3480 cum
260 3425 421 3481 Detlefseno
440 3426 608 3497 probaverit,
628 3427 654 3481 ei
673 3427 759 3481 etiam
777 3428 829 3481 XII
848 3435 881 3482 47
902 3429 988 3482 virosi
1003 3427 1196 3497 corrigendum
1212 3425 1283 3494 erit.)

110 3533 145 3570 00
169 3514 258 3586 magis
283 3514 466 3569 dubitandum
485 3518 528 3570 est
547 3517 580 3569 de
599 3517 826 3585 mollioribusque,
845 3534 896 3586 pro
915 3534 970 3585 quo
989 3519 1022 3572 ut
1039 3517 1285 3584 minoribusque

110 3604 305 3671 substituatur,
324 3622 495 3672 consequens
515 3620 574 3658 esse
594 3603 704 3658 videtur
723 3621 756 3658 ex
773 3605 865 3659 verbis
885 3603 997 3660 Graecis
1013 3606 1105 3658 cetera
1119 3603 1283 3658 simillimis:

110 3696 203 3761 φύλλα
226 3696 281 3760 ἔχει
305 3699 382 3762 uretur
402 3695 491 3760 ὅμοια,
511 3695 693 3760 μικρότερα
713 3696 747 3746 δὲ
766 3697 859 3762 πολλῷ
880 3696 923 3746 καί
939 3694 1176 3760 (τρογγυλώτερα.
1196 3692 1284 3746 101101

109 3800 207 3850 unum,
226 3781 300 3849 quod
314 3780 453 3851 discrepet
471 3784 536 3850 flore
545 3799 698 3851 purpureo,
712 3785 804 3838 radice
819 3782 949 3836 Gallici
963 3782 1077 3846 aureli,
1092 3780 1283 3835 0111οΒ10100-

108 3869 185 3924 rides
209 3870 242 3923 de
265 3871 333 3924 flore
358 3869 472 3924 referat:
493 3873 563 3937 ἄνθη
584 3874 683 3938 μεταξὺ
703 3876 761 3924 τῶν
781 3873 895 3938 φύλλων
913 3872 982 3938 πρὸ(
999 3877 1034 3938 τῇ
1054 3869 1122 3939 ῥίζῃ,
1141 3875 1283 3940 πορφυρᾶ,

109 3961 257 4029 ὑοεκυάμῳ
276 3963 293 4026 ἢ
314 3960 416 4028 κυτίνῳ
437 3961 552 4028 ἐμφερῆ,
572 3961 600 4014 01
617 3959 741 4014 radicem
760 3960 890 4029 deinceps
908 3958 1020 4013 uberius
1036 3957 1183 4014 describat.
1199 3975 1283 4026 quare

111 4048 265 4102 Salmasius
289 4064 376 4102 exerc.
400 4046 470 4102 Plin.
495 4067 522 4117 p.
543 4053 593 4101 753
613 4065 630 4102 a
647 4049 673 4100 A
692 4047 811 4102 coniecit
833 4050 899 4116 flore
917 4065 1070 4116 purpureo,
1088 4049 1188 4102 radici
1206 4049 1284 4101 alli-

108 4142 202 4206 9010,
222 4137 344 4190 ultercu'
363 4136 392 4206 (i.
411 4154 435 4190 0.
454 4135 625 4206 hyoscyami)
644 4137 765 4205 simili,
784 4138 932 4203 aciucsum,
952 4135 1036 4190 simul
1055 4153 1087 4190 00
1105 4135 1194 4202 nixus,
1209 4135 1285 4203 quod

109 4225 171 4279 adT
197 4226 284 4280 simile
308 4243 358 4294 pro
385 4227 483 4280 seuciuc
506 4219 625 4292 habent3
652 4227 700 4280 sed
724 4227 777 4280 hac
802 4244 883 4292 voce,
910 4243 995 4293 quarn
1014 4225 1096 4293 delet,
1116 4240 1209 4278 001010
1228 4241 1285 4277 non

109 4331 260 4384 possumus
286 4315 315 4368 et
339 4314 429 4368 multo
453 4314 541 4368 tutius
568 4317 611 4368 011
635 4314 843 4386 neglegentiam
870 4314 1010 4384 quandam
1028 4311 1120 4364 Plinio
1138 4311 1285 4366 brevitatis

110 4402 239 4457 studioso
262 4403 384 4457 tribuere
408 4421 492 4472 quam
516 4402 704 4457 coniecturam
722 4405 782 4456 tam
800 4403 953 4457 violentam
971 4401 1000 4453 iu
1018 4402 1127 4454 textum
1144 4401 1284 4456 invehere.

1086 4489 1123 4542 2*
