3212 5088
863 337 1021 438 A

356 541 406 602 est
430 536 615 601 criticorum
639 533 805 598 dissensio.
857 533 981 598 Plinius
1007 532 1091 598 enim
1119 535 1292 616 postquam
1316 531 1354 596 de
1377 529 1468 594 mula
1490 551 1526 594 ex

356 641 447 708 asino
481 645 514 706 et
546 663 628 724 equa
661 641 771 724 genita
801 641 957 704 nonnulla
990 638 1144 724 prodidit,
1182 638 1294 703 deinde
1327 639 1373 703 sie
1404 636 1527 721 pergIt:

352 748 492 829 pipattur
519 751 621 810 autem
644 745 730 810 ocula
757 751 938 827 oleaeque
962 751 989 810 et
1016 746 1121 829 esino,
1148 747 1201 810 scd
1226 745 1355 826 effrenis
1380 750 1411 808 et
1433 745 1527 808 turdi-

355 853 429 916 tote's
451 847 626 917 indomitae.
673 853 775 916 lenta
798 853 922 916 crucio
945 873 1019 916 esse
1041 853 1186 917 aetolis.
1237 852 1352 916 ultima
1380 849 1454 914 dedi
1483 849 1527 912 ita

356 961 392 1020 ut
422 962 498 1022 srmt
525 958 558 1022 in
586 959 678 1022 libris
701 957 865 1043 DFaRd,
893 958 958 1021 nisi
985 957 1070 1041 quod
1096 960 1131 1023 in
1153 957 1209 1022 Rd
1237 959 1268 1024 (Te
1297 957 1453 1040 scriptum
1481 957 1527 1018 est

355 1085 414 1146 pro
438 1084 511 1142 esse,
535 1086 555 1127 a
577 1066 686 1128 antem
710 1066 815 1128 omina
836 1065 972 1146 praebet
994 1087 1053 1147 pro
1077 1068 1191 1131 omnia.
1233 1088 1313 1150 quae
1336 1064 1438 1127 verba
1461 1083 1526 1125 eor-

356 1173 453 1252 rnpta
481 1191 551 1234 esse
579 1191 651 1233 cum
682 1170 858 1235 clarissime
890 1175 1073 1255 appareret,
1104 1170 1274 1236 Plutianus
1308 1171 1347 1236 ad
1380 1169 1527 1233 ultimam

357 1297 438 1358 quae
452 1277 628 1341 multorum
643 1277 726 1341 solet
741 1297 810 1341 esse
825 1278 984 1342 rationem
1004 1277 1163 1361 confugit,
1186 1281 1223 1341 ut
1236 1281 1403 1359 tamquam
1420 1274 1527 1358 spuria

357 1403 394 1445 ea
413 1379 559 1468 deleret,
586 1381 773 1448 Harduinus
798 1367 879 1448 vero*
902 1385 986 1448 tueri
1011 1382 1135 1448 studuit
1163 1383 1208 1446 sio
1237 1380 1419 1447 emendata:
1448 1381 1526 1445 kalo

357 1490 462 1552 omnia
494 1489 546 1552 cc‘s
577 1494 617 1552 at
647 1489 763 1554 aelidis
817 1489 934 1553 horum
966 1494 1099 1573 uterque
1133 1489 1382 1572 adstipulatores
1414 1489 1527 1570 postea

356 1594 484 1678 habuit,
520 1617 596 1658 nam
628 1595 713 1659 hunc
742 1598 880 1660 secutus·
901 1598 949 1660 est
977 1593 1136 1680 Silligim,
1172 1617 1245 1658 cum
1281 1594 1337 1658 illo
1367 1593 1527 1657 consensit

357 1698 539 1764 Urlichsius
564 1699 647 1764 vind.
669 1699 750 1762 Prin.
773 1700 923 1783 lp.150.
954 1702 1018 1766 alia
1041 1702 1225 1765 coniectura
1248 1700 1354 1764 verbis
1380 1698 1527 1764 subvenit

355 1804 454 1868 Ianus
484 1805 667 1870 scribendo:
696 1806 795 1869 laeto
822 1809 948 1872 erutae
974 1808 1040 1872 boe
1068 1830 1083 1871 e
1113 1809 1234 1885 aetolis,
1262 1828 1396 1890 cumque
1424 1805 1526 1870 oraine

357 1909 541 1973 firmaretur
569 1913 761 1977 auctoritate
790 1913 910 1978 codicis
941 1937 973 1996 a,
1004 1936 1075 1977 cum
1102 1913 1181 1979 Iano
1209 1913 1287 1977 fecit
1314 1911 1525 1978 Detlefsenus.

358 2018 392 2078 at
426 2029 578 2097 quorsum
608 2021 772 2102 spectant,
805 2041 939 2103 quaeso,
971 2019 1051 2082 haec
1085 2019 1235 2083 omina?
1285 2041 1363 2083 num
1396 2018 1524 2083 alterius

358 2122 498 2185 auctoris
521 2123 669 2188 nituntur
692 2125 902 2190 testimonio?
926 2148 967 2189 an
989 2125 1069 2189 fides
1093 2123 1197 2189 omnis
1221 2125 1330 2206 posita
1349 2125 1399 2188 est
1421 2124 1454 2187 in
1477 2123 1525 2186 lit

358 2229 501 2290 terarum
525 2227 758 2294 similitudine?
791 2254 867 2295 nam
892 2231 1010 2296 codicis
1036 2253 1054 2294 a
1079 2230 1303 2293 auctoritatem
1327 2229 1413 2312 quod
1434 2227 1524 2292 nihili

358 2334 508 2417 aestimo,
531 2356 626 2399 nemo
649 2337 829 2401 mirabitur.
866 2340 1034 2420 praeterea
1057 2334 1137 2399 mihi
1160 2333 1253 2400 valde
1278 2335 1426 2417 displicet
1449 2336 1523 2398 butu

358 2440 563 2524 adiectivum,
591 2441 675 2523 quod
699 2442 868 2524 aptissime
892 2441 1073 2505 adnectitur
1096 2440 1136 2505 ad
1164 2439 1410 2522 praecedentem
1433 2441 1523 2504 tardi·

358 2549 430 2610 totas
452 2547 626 2631 notionem,
649 2550 782 2630 propter
804 2547 913 2610 futtile
936 2546 1016 2611 illud
1038 2547 1164 2611 librarii
1187 2550 1404 2611 commentum
1426 2549 1523 2609 muta·

357 2655 427 2715 tum
451 2673 520 2716 esse
544 2653 578 2716 in
602 2655 690 2718 laeto.
737 2654 845 2736 itaque
870 2653 1022 2736 quoniam
1044 2651 1170 2716 Plinius
1190 2655 1286 2716 antea
1314 2633 1419 2716 certos
1443 2655 1524 2716 aeta-

358 2757 401 2820 tis
425 2758 505 2821 fines
530 2780 567 2821 ao
589 2760 746 2823 terminos
771 2759 953 2842 constituit,
977 2781 1049 2823 cunr
1073 2757 1151 2823 dicit
1174 2780 1272 2841 equas
1295 2780 1366 2822 esse
1389 2778 1453 2821 non
1475 2756 1523 2818 de-

359 2864 511 2926 cennibus
543 2855 694 2928 maiores
711 2863 877 2948 legendas,
904 2885 1007 2947 neque
1037 2865 1270 2928 sententiarum
1302 2885 1456 2927 conexum
1478 2883 1522 2926 re-

361 2968 462 3032 scindi
485 2991 587 3052 neque
610 2970 767 3034 librorum
781 2969 971 3034 memoriam
993 2970 1152 3034 violenter
1174 2969 1299 3032 turbari
1322 2973 1400 3051 puto
1423 2967 1522 3032 uerbis

359 3075 406 3138 ita
434 3074 658 3140 conformatis:
692 3077 798 3140 lentae
825 3078 1010 3141 cautuae
1036 3077 1144 3140 aetolis
1171 3073 1285 3162 (sunt).
1334 3073 1415 3138 haec
1441 3077 1521 3156 post-

362 3203 459 3264 quam
483 3181 607 3245 duobus
632 3182 755 3246 mendis
780 3183 895 3247 affecta
919 3185 994 3246 sunt
1016 3182 1080 3246 his:

352 3292 355 3299 ’
760 3288 1124 3353 leutaomoe'oeeoetole's

359 3392 534 3456 induerunt
556 3396 671 3476 postea
695 3395 833 3476 speciem
857 3416 929 3458 eam
951 3415 1049 3477 quam
1070 3392 1146 3456 libri
1168 3414 1253 3456 nunc
1277 3392 1437 3457 exhibent.

448 3497 532 3562 Hine
565 3499 730 3582 pergimus
759 3500 799 3563 ad
831 3500 938 3564 locum
975 3499 1089 3562 similis
1123 3499 1318 3583 argumenti,
1355 3501 1388 3560 et
1424 3498 1520 3580 ipsum

361 3603 489 3686 quidem
520 3605 662 3688 graviter
686 3604 909 3690 depravatum,
938 3606 992 3669 sed
1021 3605 1055 3668 in
1084 3626 1146 3688 quo
1175 3605 1314 3669 lectione
1338 3603 1374 3669 a¹
1397 3604 1522 3687 patefiat

295 3723 309 3744 ‘
362 3710 602 3792 depravationis
628 3712 728 3795 origo.
778 3709 808 3772 X
835 3713 896 3776 180
924 3733 1016 3793 cqeras
1042 3717 1144 3775 autem
1166 3716 1238 3793 post
1264 3712 1387 3774 tertium
1412 3711 1521 3780 dentum

361 3814 509 3902 (annum)
533 3823 589 3880 ant
605 3821 677 3898 post
698 3837 796 3881 aorem
819 3818 857 3882 ab
871 3819 966 3882 enixo
987 3819 1104 3882 utiliter
1117 3819 1240 3882 udatur·
1256 3822 1386 3900 pataret,
1411 3819 1521 3899 caprul-

360 3943 416 4004 qoc
438 3923 561 3988 taeitos.
607 3929 639 3988 ct
660 3924 796 3987 molter
818 3925 943 4004 septimo
966 3925 1014 3989 die
1042 3926 1194 4005 concepere
1218 3924 1368 4005 facillime
1390 3924 1520 3988 credito:

362 4035 405 4093 sic
429 4029 544 4093 ultima
566 4030 666 4094 verba
690 4029 813 4113 scripta
837 4033 912 4108 sunt
934 4031 968 4093 in
991 4028 1168 4114 Durati,
1196 4030 1230 4093 in
1252 4051 1315 4093 uno
1346 4027 1383 4092 al
1406 4034 1434 4093 et
1454 4048 1520 4092 nerr-

362 4136 456 4199 le'tcr.
506 4137 583 4198 sunt
610 4138 717 4199 autem
741 4136 878 4218 repetita
906 4158 944 4200 ex
971 4135 1052 4200 VIII
1078 4138 1140 4201 172
1165 4141 1197 4200 et
1220 4135 1459 4200 accuratissime
1481 4155 1520 4196 re·

362 4241 521 4324 spondent
544 4241 595 4304 his
620 4239 850 4305 Aristotelicis:
883 4247 1016 4306 τεκοῦεα
1041 4245 1075 4306 δὲ
1102 4242 1257 4322 βιβάζεται
1282 4241 1400 4326 ἑβδόμῃ
1424 4244 1519 4321 ἡμέρᾳ.

361 4349 411 4411 καὶ
440 4347 597 4425 μάλιετα
625 4349 777 4424 δέχεται
808 4349 846 4410 τὸ
879 4353 1003 4428 πλῆεμα
1031 4350 1129 4432 ταύτῃ
1161 4353 1337 4429 βιβαεθεῖεα
1364 4355 1402 4433 τῇ
1432 4349 1519 4426 ἡμέρᾳ
