3212 5088
959 343 1001 406 dl

391 543 482 609 cibus
514 542 578 609 toti
609 539 681 608 loco
714 541 854 625 pessime
888 539 991 604 adhuc
1023 539 1155 605 turbato
1188 543 1329 626 genuina
1356 565 1394 608 ac
1421 545 1564 629 legitima

390 649 497 716 forma
521 650 567 716 sic
590 647 785 714 restituitur:

392 759 428 822 iu
455 758 541 821 oraui
569 755 656 819 ruello
678 755 760 836 quod
774 774 834 836 per
856 774 887 818 se
905 753 964 834 stu·
1000 759 1059 818 τοῦ
1083 757 1118 818 δὲ
1143 756 1268 834 μέλιτοι
1295 757 1333 820 τὸ
1358 759 1416 834 μὲν
1440 755 1564 822 ἀιθενὲι

390 865 445 941 uit,
470 868 505 927 ut
523 866 659 926 ruusturu
677 861 840 942 oleumque,
859 861 961 941 appel·
999 861 1048 925 ἀεὶ
1068 861 1135 924 ἄνω
1155 863 1384 952 ἐπιπολάζςι,ὃ
1404 869 1454 928 δεῖ
1473 864 1561 942 ἀφαι-

393 971 478 1034 Iatur
491 973 619 1034 aeeturu.
630 963 643 1054 Η
655 969 789 1031 urauirue
809 966 963 1030 laudabile
1000 972 1077 1045 ρεῐν,
1091 969 1129 1030 τὸ
1145 969 1179 1030 δὲ
1195 971 1337 1047 καθαρὸν
1352 970 1438 1037 κάτω
1453 967 1563 1055 (1le

393 1081 438 1142 est
464 1077 626 1158 aestiuum,
654 1093 742 1138 oruuo
769 1073 908 1156 rutilum,
931 1077 967 1136 ut
1001 1095 1031 1155 p.
1051 1074 1113 1138 627
1131 1073 1169 1155 Α,
1187 1073 1231 1160 4).
1252 1075 1376 1154 αὐχμοῦ
1396 1078 1454 1154 μὲν
1474 1075 1561 1140 ὄντα(

392 1181 568 1248 siccioribus
586 1181 752 1262 coufecturu
766 1179 877 1243 dicbus.
890 1175 902 1264 [l
915 1179 961 1242 ol·
999 1181 1067 1256 μέλι
1091 1181 1279 1258 ἐργάζονται
1308 1184 1432 1258 μᾶλλον
1462 1180 1507 1266 (V
1526 1185 1561 1244 22

393 1288 465 1353 burro
484 1289 544 1354 uer
561 1309 624 1352 uou
641 1289 679 1370 dt
691 1287 745 1350 ubi
759 1285 898 1367 tlruruuru
912 1289 963 1364 est,
1000 1308 1030 1368 p.
1050 1285 1114 1350 553
1135 1286 1172 1372 B,
1192 1283 1259 1372 21).
1274 1289 1313 1351 τὸ
1328 1291 1363 1351 δὲ
1380 1291 1497 1352 λευκὸν
1512 1290 1561 1351 οὐκ

394 1397 448 1460 sed
478 1396 574 1460 oculis
607 1399 636 1458 et
660 1393 811 1458 ulceribus
839 1392 963 1474 aptissi-
1001 1394 1035 1455 ἐκ
1054 1394 1154 1471 θύμου
1175 1394 1369 1472 εἰλικρινοῦς,
1389 1393 1514 1471 ἀγαθὸν
1532 1399 1560 1458 οὲ

394 1523 479 1568 ruuru
498 1503 700 1566 eristiuutur.
717 1496 729 1586 t
747 1521 762 1563 e
781 1499 899 1580 tbuuo
918 1521 965 1564 co·
1001 1501 1082 1578 πρόι
1094 1500 1282 1580 ὀφθαλμοῦ(
1297 1501 1347 1564 καὶ
1364 1502 1441 1579 ἕλκη
1456 1499 1561 1584 (1de

394 1606 963 1693 lorisourei,saporispratissiuri,
1000 1628 1031 1687 p.
1055 1607 1118 1670 (327
1146 1604 1173 1668 A
1197 1604 1241 1691 2).
1266 1605 1327 1670 ἔιτι
1352 1607 1387 1668 δὲ
1412 1608 1512 1670 καλὸν
1530 1609 1562 1669 rb

395 1737 463 1797 quo
484 1715 536 1795 fit
551 1714 697 1797 pulcra·
720 1711 876 1776 edotiolis
888 1712 963 1792 priu-
1001 1713 1182 1790 χροιοειδέ(
1224 1709 1337 1797 (ibid).
1385 1716 1503 1790 δῆλον
1539 1713 1562 1774 o'

391 1842 459 1904 pue,
482 1841 497 1886 e
519 1821 643 1884 moriuo
665 1839 734 1883 rore
755 1819 896 1900 spissum.
1000 1819 1102 1881 ὲιτὶν
1126 1819 1267 1884 εὐθέως
1285 1820 1323 1882 τὸ
1343 1817 1408 1881 ἀπὸ
1428 1825 1487 1883 τοῦ
1507 1823 1561 1885 θύ-

998 1943 1077 2002 μου·
1106 1927 1285 2003 ῦιαφέρὲι
1313 1925 1383 2002 γὰρ
1412 1932 1456 2009 τῇ
1480 1931 1561 2002 γλο-

998 2031 1127 2110 κύτητι
1160 2034 1210 2096 καὶ
1244 2038 1290 2116 τῷ
1323 2031 1418 2109 πάχει
1453 2032 1497 2118 (V
1526 2035 1562 2096 ll

998 2159 1029 2220 p.
1054 2137 1120 2201 554
1143 2136 1182 2223 A,
1209 2134 1272 2225 ro).

395 2317 607 2328 ’.οι-.-

393 2442 466 2496 uuili
479 2454 581 2503 uouere,
596 2438 694 2505 quibus
712 2451 769 2488 uou
786 2435 823 2488 sit
841 2433 1006 2503 scapulam
1021 2435 1121 2502 quibus
1135 2437 1226 2490 verbis
1240 2436 1456 2506 interpretandis
1472 2457 1562 2493 annm

397 2529 445 2597 qui
462 2526 603 2584 versiones
623 2524 768 2578 ediderunt
786 2524 965 2578 vehementer
983 2523 1056 2576 inter
1075 2541 1103 2578 se
1119 2525 1260 2581 dissident.
1276 2527 1433 2596 Madvigius
1448 2547 1512 2580 cum
1529 2531 1562 2594 (ut

398 2617 547 2672 Noltenius
566 2617 672 2684 quaest.
690 2613 761 2667 Plin.
781 2631 808 2682 p.
830 2613 872 2680 17)
892 2614 1080 2666 adversitatem
1100 2613 1133 2666 de
1152 2613 1305 2670 inimicitiis
1324 2617 1353 2669 et
1375 2615 1477 2684 pugnis
1498 2635 1563 2670 scor-

394 2707 511 2778 pionum
534 2723 597 2759 eum
621 2701 794 2756 stellionibus
823 2699 927 2754 dictam
951 2719 1010 2754 esse
1033 2700 1157 2770 putaret,
1183 2704 1279 2756 eontra
1298 2701 1407 2756 codices
1431 2706 1563 2758 nonnullo
1593 2731 1594 2756 ι

395 2794 528 2862 mutavit;
553 2792 602 2846 sed
623 2792 694 2846 haec
716 2808 770 2845 vox
793 2789 919 2843 solitaria
942 2789 1081 2858 significat
1103 2789 1196 2858 potius
1220 2789 1378 2844 antidotum
1402 2792 1459 2845 sive
1482 2813 1562 2848 remo-

396 2883 473 2938 dium
496 2882 571 2951 quod
593 2880 801 2935 contrarium
825 2879 868 2932 est
890 2877 948 2931 sive
973 2877 1178 2932 adversatur
1200 2895 1316 2945 venene,
1338 2882 1371 2933 ut
1394 2881 1504 2935 dictum
1528 2885 1563 2934 ost

396 2972 488 3028 XXIII
508 2977 559 3024 134
578 2968 669 3038 (mori)
688 2985 769 3022 sucus
788 2969 990 3021 adversatur
1008 2968 1116 3019 ocueur's
1134 2967 1308 3033 serpcutium,
1322 2967 1389 3022 ibid.
1407 2976 1456 3023 135
1474 2973 1563 3024 adro-

399 3066 479 3115 satur
498 3060 605 3114 acouito
624 3063 648 3110 et
667 3057 778 3110 arauris
795 3058 827 3108 iu
845 3056 909 3108 uiuo
924 3060 1016 3123 potus,
1036 3054 1127 3108 XXIX
1147 3059 1179 3108 7³
1199 3057 1304 3123 scorpio
1319 3057 1402 3111 tritus
1415 3060 1562 3113 stellionum

395 3166 495 3204 oeuaro
510 3150 672 3203 adversatur
691 3146 720 3200 et
733 3145 784 3199 XX
800 3150 840 3199 25.
858 3151 900 3200 84.
918 3150 976 3198 117.
994 3149 1052 3197 195.
1068 3144 1159 3198 XXIII
1176 3150 1234 3198 111.
1251 3152 1310 3198 112.
1327 3153 1386 3200 118.
1403 3153 1462 3201 138.
1479 3147 1563 3200 XXII
1592 3167 1593 3198 ι

398 3245 437 3296 13.
458 3244 492 3291 44
507 3237 558 3292 cet.
584 3235 641 3289 iam
659 3251 725 3289 vero
744 3235 776 3286 ut
795 3251 828 3286 ex
846 3233 936 3286 XXIX
951 3239 984 3286 73
1005 3232 1136 3286 discimus
1151 3234 1325 3303 scorpionem
1342 3235 1467 3290 remedio
1485 3237 1563 3290 fuisso

397 3327 494 3380 contra
509 3324 645 3378 stellionis
660 3341 796 3390 morsum,
814 3322 856 3376 ita
869 3341 963 3376 rursus
979 3323 1138 3376 stellionem
1152 3323 1249 3376 contra
1263 3323 1415 3393 scorpionis
1428 3343 1563 3380 venenum

397 3414 498 3468 docent
520 3413 591 3467 haee
613 3411 704 3464 XXIX
729 3417 763 3466 90
785 3413 976 3480 scorpiouibus
999 3413 1196 3466 coutraru'us
1214 3413 1331 3466 ruaur'roe
1349 3415 1466 3468 tubicem
1485 3418 1564 3470 stellio

329 3531 332 3538 ·
397 3504 553 3556 truditur..
573 3503 665 3570 itaque
683 3502 715 3553 iu
733 3501 803 3554 oleo
819 3502 1011 3568 putrefaciunt
1029 3517 1089 3554 euru
1102 3506 1127 3553 ct
1141 3501 1182 3554 ita
1196 3503 1311 3555 ouluera
1320 3510 1493 3570 peruupuut.
1514 3505 1564 3572 ιμιιῖ-

399 3593 462 3646 daru
480 3592 550 3645 oleo
568 3589 630 3642 ilio
648 3605 773 3656 spumaue
792 3593 946 3656 orpeuteaur
965 3591 1095 3644 decocuut
1114 3590 1150 3642 od
1169 3591 1308 3656 errrplastri
1326 3606 1409 3658 aeuus
1427 3597 1513 3660 atque
1533 3595 1563 3644 ιἰιι
1591 3653 1592 3664 ¹

397 3681 529 3734 iuliuuut.
549 3678 584 3731 ab
602 3676 647 3730 his
666 3675 753 3746 igitur
771 3676 863 3730 verbis
881 3677 1112 3746 proficiscendum
1130 3677 1240 3730 videtur
1257 3675 1288 3730 in
1305 3676 1520 3748 interpretando
1538 3703 1564 3733 a.

397 3768 430 3822 de
454 3784 509 3838 quo
533 3765 627 3836 agitur
649 3766 720 3832 loco,
744 3764 774 3818 in
793 3782 848 3833 que
867 3763 939 3818 nihil
956 3766 1122 3818 mutaverim
1141 3764 1195 3817 uisi
1214 3782 1312 3833 aeque
1330 3784 1381 3835 pro
1400 3773 1492 3838 atqcue.
1513 3790 1563 3823 seu-

395 3857 514 3912 tentiam
537 3857 591 3909 hae
614 3853 789 3908 enarratione
812 3853 980 3924 explanabo:
1005 3856 1116 3923 praeter
1140 3852 1291 3922 scorpionis
1316 3853 1436 3908 cinerem
1457 3857 1489 3910 iu
1508 3859 1563 3911 viso

396 3947 495 4020 potum
522 3944 581 4012 (cfr.
609 3943 700 3996 XXIX
728 3945 773 4011 91)
804 3945 894 3996 exstat
921 3944 1041 3996 alterum
1069 3960 1179 4010 quoque
1202 3941 1368 3996 remedium:
1392 3943 1564 4000 adversari

397 4033 471 4088 enim
494 4031 647 4102 scorpionis
670 4047 777 4085 veneno
800 4032 902 4099 putant
925 4031 1028 4084 etiam
1052 4031 1193 4084 stelliones
1217 4032 1278 4085 oleo
1302 4048 1416 4099 mersos,
1435 4035 1563 4088 anim-olio
1590 4097 1591 4102 Ἰ

396 4121 530 4192 pestifera
549 4123 578 4175 et
596 4136 713 4189 quorum
732 4118 754 4172 ii
769 4119 905 4172 duntaxat
918 4118 1031 4174 innocui
1046 4118 1109 4185 sint,
1125 4120 1172 4187 qui
1187 4119 1283 4189 stipsi
1298 4121 1411 4174 careant
1425 4125 1563 4192 sanguim.
1590 4117 1591 4138 ¹

395 4209 563 4264 lacertarum
586 4209 687 4278 figura;
712 4224 819 4274 aeque
843 4207 1010 4277 scorpiones,
1035 4206 1135 4276 quibus
1157 4224 1214 4261 non
1233 4207 1269 4260 sit
1287 4207 1410 4276 sanguis,
1430 4208 1461 4262 in
1482 4215 1563 4265 totum

396 4299 468 4354 nulli
485 4315 593 4353 nocere.
626 4297 696 4350 haec
713 4295 801 4365 igitur
819 4295 1014 4366 interpretatio
1033 4295 1104 4349 mihr
1121 4294 1241 4350 maxime
1259 4295 1401 4364 probatur.
1437 4301 1562 4368 poterunt

398 4386 510 4456 quidem
529 4384 615 4440 verba
634 4383 720 4438 etiam
740 4383 780 4436 sie
797 4383 937 4453 intellegi:
957 4383 1099 4438 adversari
1118 4385 1218 4452 putant
1238 4384 1397 4454 scorpiones
1416 4385 1484 4441 oleo
1503 4406 1563 4441 mor-

1587 4885 1589 4904 t

1588 4927 1589 4942 ι
