3212 5088
845 349 1005 452 *or—

336 545 405 610 riae
436 544 628 612 mutationis
661 544 803 627 suspicio
836 547 1050 608 removeatur.
1083 543 1162 607 item
1186 543 1221 607 in
1245 542 1361 607 ceteris
1385 549 1513 629 'quoque

336 651 430 716 libris
458 649 502 715 D²
527 654 583 716 aut
611 653 701 716 solus
726 655 783 715 ant
804 673 870 716 una
894 673 966 715 eum
989 649 1207 715 recentiorum
1231 648 1378 713 codicum
1402 650 1511 734 aliquo

337 755 387 844 (ut
415 781 434 824 a
462 762 502 823 et·
522 755 556 845 d)
579 757 667 823 haud
695 758 807 842 paucis
836 757 916 824 locis
941 757 1041 820 estis
1065 756 1117 820 cui
1141 755 1316 840 genuinam
1338 756 1511 820 lectionem

314 868 503 958 'acceptam
532 864 719 949 referamus,
749 868 845 949 atquc
876 863 1085 928 confirmatae
1114 865 1191 928 sunt
1218 863 1286 928 eius
1316 863 1511 929 auctoritate

337 972 435 1036 etiarn
460 971 664 1054 coniecturae
687 970 872 1054 nonnullae,
895 973 932 1034 ut
955 968 1026 1033 Iani
1049 967 1127 1066 XIV
1153 970 1193 1032 16
1223 965 1319 1054 (cultis
1341 991 1399 1052 pro
1422 969 1510 1055 ullis)

338 1081 371 1142 ct
398 1077 602 1161 aliquatenus
631 1099 712 1162 mea,
740 1098 803 1160 qua
831 1074 893 1140 XV
917 1077 937 1140 2
960 1097 1130 1140 numerum
1153 1075 1252 1159 pretii
1276 1074 1385 1140 deesse
1410 1076 1510 1162 signi-

336 1181 485 1269 ficavi.²⁴)
517 1183 598 1248 haec
626 1184 727 1269 igitur
756 1182 866 1248 omnia
889 1181 1027 1247 concedo
1052 1181 1227 1266 proboque,
1251 1181 1414 1247 sedidem
1437 1183 1510 1248 dico

336 1291 452 1376 negari
478 1313 544 1356 non
571 1311 668 1374 posse
697 1288 773 1355 hoo:
797 1289 824 1354 si
848 1288 900 1352 vel
922 1289 1036 1374 paucis
1059 1289 1140 1353 locis
1165 1289 1392 1354 commenticia
1413 1290 1510 1357 lectio

337 1394 599 1482 deprehendatur
622 1398 655 1461 ct
677 1396 813 1460 licenter
835 1395 921 1480 fieta,
944 1395 1151 1461 vehementer
1173 1394 1364 1460 labefactari
1383 1417 1510 1460 ornnem

337 1504 470 1568 alterius
503 1526 617 1568 manus
648 1502 761 1585 iidem3
793 1502 820 1564 si
850 1501 902 1566 vel
935 1502 1047 1584 paucis
1078 1501 1159 1567 locis
1193 1501 1256 1567 sibi
1286 1523 1351 1566 non
1375 1505 1511 1588 constet,

336 1610 410 1676 tolli
434 1610 532 1675 etiam
556 1609 669 1674 iudicii
691 1608 797 1674 nostri
821 1606 859 1672 de
883 1629 921 1672 ea
944 1607 1164 1673 constantiam
1181 1629 1240 1673 nec
1264 1608 1388 1674 minore
1412 1631 1510 1694 quarn

336 1717 372 1781 in
401 1717 515 1782 ceteris
550 1715 716 1781 codicibus
748 1736 830 1798 opus
864 1735 933 1778 esse
964 1715 1124 1780 cautione.
1166 1714 1256 1800 atqui
1286 1715 1418 1780 suntin
1445 1716 1511 1782 hoe

340 1845 456 1908 genere
483 1845 550 1888 non
577 1844 690 1906 pauca,
714 1821 769 1886 scd
797 1821 959 1906 perinulta
983 1821 1139 1907 exempla,
1163 1843 1299 1906 quorum
1322 1825 1450 1907 praeter
1471 1846 1511 1888 ea

338 1952 419 2014 quae
439 1952 536 2013 supra
557 1928 599 1992 ad
612 1927 659 1991 XI
674 1930 739 1993 222
754 1932 787 1992 ct
800 1926 864 1991 XII
878 1928 920 1992 02
935 1927 1085 2012 indicavi,
1103 1927 1246 1994 illustria
1265 1929 1389 2013 aliquot
1407 1951 1510 2014 eaque

337 2037 499 2102 interdurn
518 2035 654 2100 ridicula
673 2037 819 2100 afferam:
838 2032 885 2097 XI
905 2034 968 2098 239
990 2033 1166 2118 (caupulum
1184 2034 1366 2116 hinnulei,
1389 2037 1512 2120 luroris,

338 2143 429 2209 buedi
461 2143 636 2226 laudatum)
666 2141 710 2207 Ι)ι
741 2143 916 2226 scripserat
947 2142 1112 2227 irrutilet,
1142 2141 1226 2205 unde
1259 2138 1311 2226 D2,
1344 2164 1407 2227 qua
1438 2149 1514 2208 erat

338 2249 460 2336 ingenii
493 2247 648 2332 sollertia,
681 2247 787 2313 effecit
819 2249 969 2326 inutile,
1003 2247 1090 2333 quod
1112 2248 1278 2332 eleganter
1301 2249 1515 2333 responderet

338 2356 501 2422 contrario
520 2355 698 2431 laudatum
718 2353 760 2416 ib.
779 2353 845 2418 250
863 2353 914 2437 (iu
937 2355 1006 2436 urso
1027 2375 1146 2437 peuuus
1164 2355 1398 2420 commissura..
1418 2377 1515 2440 peruc-

339 2535 551 2546 -....——-..-—-

411 2620 444 2688 ²⁴)
467 2617 596 2672 Ceterum
615 2634 671 2672 non
685 2617 788 2672 infitior
802 2617 1008 2688 inprobabilem
1027 2619 1097 2674 mihi
1115 2619 1205 2674 videri
1223 2620 1389 2690 scripturam
1404 2619 1514 2677 codicis

337 2708 375 2762 Ι)Ἇ
394 2725 444 2762 555
464 2705 639 2762 coniecturae
659 2706 815 2777 suspicione
834 2725 942 2763 vacare.
967 2708 1089 2778 primum
1113 2708 1187 2763 enim
1206 2709 1309 2763 iustam
1329 2709 1513 2765 offensionem

337 2797 432 2864 habet,
456 2797 530 2864 quod
553 2813 609 2849 non
632 2797 712 2850 biuue
733 2796 858 2865 positum
881 2800 925 2851 est
947 2815 999 2868 pro
1023 2799 1103 2863 duce,
1122 2796 1221 2852 deinde
1241 2799 1335 2852 autem
1348 2791 1514 2868 ‘pretiorum

339 2885 495 2939 differentia
514 2885 621 2938 duobus
640 2884 720 2938 annis
738 2884 949 2953 insequentibus
963 2887 1023 2940 tam
1038 2885 1137 2956 ingens
1152 2889 1203 2954 est,
1218 2889 1250 2940 ut
1264 2887 1339 2941 credi
1352 2888 1398 2942 vix
1412 2890 1515 2958 possit.

338 2992 403 3029 nam
429 2990 492 3028 cum
518 2965 590 3027 anno
609 2991 634 3027 5.
655 2991 678 3028 5,
704 2979 756 3028 504
776 2976 820 3043 (=
841 2980 893 3030 250
912 2993 935 3029 5.
956 2973 1018 3028 Chr.
1038 2978 1076 3045 n.)
1096 2977 1211 3046 propter
1234 2975 1405 3044 singularem
1427 2977 1513 3031 uber-

337 3063 426 3118 tatem
445 3061 501 3117 olei
518 3061 629 3116 librae
649 3062 755 3116 denae
775 3065 935 3118 constarent
954 3063 1101 3134 singulis
1121 3064 1257 3118 assibus
1273 3063 1333 3133 (cfr.
1347 3063 1439 3118 xvffl
1456 3071 1513 3134 17),

338 3150 507 3222 cogitatione
531 3150 599 3221 fingi
624 3169 679 3206 non
702 3155 796 3222 potest
819 3152 916 3208 statim
937 3170 1012 3208 anno
1035 3153 1162 3224 proximo
1186 3172 1212 3207 u.
1233 3156 1326 3208 5505
1347 3155 1512 3222 (ε2495.

338 3240 400 3295 Chr.
425 3242 462 3309 n.)
487 3239 583 3294 binas
606 3239 716 3294 libras
740 3241 860 3296 veniisse
885 3241 962 3296 denis
987 3241 1134 3296 assibus:
1157 3240 1198 3294 ita
1222 3240 1296 3295 enim
1314 3242 1368 3295 hoe
1386 3243 1512 3312 pretium

337 3331 484 3401 tantopere
502 3329 721 3398 multiplicatum
741 3332 822 3398 esset,
841 3331 874 3384 ut
887 3331 964 3400 prius
982 3330 1053 3384 illud
1072 3329 1357 3401 quinquagesima
1370 3330 1428 3385 eiua
1444 3349 1513 3402 pars

338 3420 420 3473 esset.
445 3418 518 3486 quod
541 3417 653 3486 quidem
672 3434 710 3478 ,55
729 3417 820 3472 minus
840 3417 981 3485 credibile,
1002 3436 1065 3472 oum
1085 3418 1255 3488 singularem
1274 3419 1424 3488 superioris
1443 3423 1513 3474 aurii

339 3506 512 3560 affluentiam
536 3524 592 3560 non
617 3522 672 3558 uno
699 3523 771 3560 anno
797 3507 880 3575 plane
907 3508 1100 3575 consumptam
1124 3523 1192 3574 csse,
1219 3507 1268 3561 sed
1286 3507 1362 3561 haud
1380 3507 1513 3578 exiguam

339 3595 449 3664 copiam
467 3595 580 3664 postero
600 3611 709 3663 quoque
729 3610 800 3648 anno
821 3592 989 3663 superfuisse
1004 3593 1064 3649 veri
1082 3595 1173 3650 simile
1193 3595 1238 3663 sit,
1253 3584 1309 3665 (155
1322 3611 1434 3650 neeesse
1449 3601 1514 3651 erat

322 3675 456 3738 ¹inminui
478 3683 608 3752 pretium.
633 3684 803 3752 quapropter
827 3682 1004 3737 etiamnunc
1027 3683 1098 3736 mihi
1116 3683 1227 3738 videtur
1245 3686 1334 3739 multo
1353 3683 1441 3754 magis
1461 3703 1512 3740 na—

338 3775 416 3827 turae
440 3789 532 3826 rerum
556 3770 712 3839 convenire,
737 3771 811 3840 quod
833 3771 966 3840 proposui
989 3772 1043 3826 luc.
1063 3790 1088 3841 p.
1112 3779 1174 3826 132:
1194 3774 1246 3827 olei
1265 3775 1351 3828 librae
1369 3775 1514 3828 duodenae

327 3855 415 3916 'rteuis
440 3861 547 3915 ossibus
571 3862 684 3925 ueniere,
709 3877 763 3928 quo
789 3858 943 3928 pretiorum
967 3859 1123 3916 differentia
1146 3860 1256 3916 exsistit
1278 3879 1320 3932 ea,
1336 3865 1370 3916 ut
1388 3862 1511 3918 alterum

339 3949 452 4005 alterius
463 3950 500 4003 sit
512 3967 577 4020 pars
591 3948 799 4003 duodecima.
828 3951 973 4018 praeterea
986 3965 1104 4019 pronum
1120 3951 1163 4004 est
1177 3949 1313 4020 suspicari
1326 3951 1356 4004 in
1369 3953 1512 4006 communi

339 4041 489 4110 archetypo
508 4038 611 4094 omisso
630 4039 707 4092 deute
725 4036 810 4092 inisse
829 4039 884 4092 duo
902 4039 1000 4092 55555·
1018 4037 1047 4091 id
1066 4040 1140 4092 recte
1159 4039 1289 4108 legerunt
1302 4039 1344 4093 ad
1358 4041 1512 4108 duodenae,

340 4145 354 4182 5
374 4146 408 4183 ex
426 4144 458 4182 eo
478 4126 546 4181 fecit
564 4128 635 4182 duur
653 4127 746 4196 dcuue,
764 4126 788 4179 D
807 4127 860 4180 due
879 4128 959 4192 deuc;
977 4126 1033 4180 iam
1053 4145 1117 4180 oum
1135 4130 1276 4182 corrector
1294 4129 1370 4184 recte
1385 4129 1512 4182 animad-

338 4216 468 4288 vertisset
491 4215 586 4270 deesse
609 4215 753 4270 numerale
776 4215 851 4283 quod
874 4215 995 4284 pretium
1018 4215 1162 4283 indicaret,
1182 4215 1337 4270 incuriosus
1357 4217 1512 4285 numeralis

339 4305 509 4360 distributivi
532 4322 566 4359 cx
588 4306 673 4359 denuc
692 4303 784 4358 effecit
802 4305 887 4370 deuiis,
906 4303 983 4358 facili
1003 4303 1169 4372 coniectura,
1190 4304 1255 4373 quia
1274 4323 1345 4373 quae
1364 4305 1514 4362 invenerat

339 4394 393 4448 duo
413 4411 472 4448 csse
492 4392 655 4462 numeralia,
674 4411 729 4448 non
747 4411 842 4463 uuum,
861 4392 1037 4462 opinabatur.
