3212 5088
919 386 959 450 18

355 577 436 644 εἶναι
466 580 516 644 καὶ
546 580 640 645 κενὸν
667 581 718 645 καὶ
745 579 918 661 ἀδύναμον,
947 581 1119 661 πεπερὶζον
1148 588 1186 666 τῇ
1215 583 1326 659 redeo.
1354 583 1463 667 itaque
1486 605 1527 646 ne

355 688 424 749 tum
444 687 572 770 quidem
591 687 672 751 mihi
690 688 884 771 probaretur
902 687 973 752 Iani
992 689 1167 773 inventum,
1187 687 1215 753 11
1233 709 1334 754 semen
1346 691 1526 772 propincum

353 813 413 875 pro
440 793 561 872 fructus
587 795 751 876 praeimus
774 793 1053 880 substitueremus,
1077 795 1161 880 quod
1185 817 1300 878 perse
1323 796 1528 879 probabilius

355 901 449 983 esset,
477 900 554 983 quia
581 921 638 964 our
665 901 765 966 verba
787 899 846 965 illa
870 902 976 985 perire
1000 902 1096 967 facile
1120 902 1286 986 potuerint
1313 902 1375 966 hac
1403 903 1527 966 ratione

354 1006 458 1070 multo
482 1007 590 1090 aptius
614 1010 835 1093 explicaretur.

442 1111 491 1177 De
524 1115 668 1178 eiusdem
700 1115 838 1180 balsami
868 1137 945 1180 suco
969 1137 1051 1200 quae
1075 1138 1150 1181 mox
1173 1119 1192 1196 ξ
1219 1116 1281 1180 116
1305 1116 1340 1179 11
1363 1115 1525 1180 codicibus

354 1218 519 1304 leguntur,
547 1223 673 1286 mutata
700 1219 797 1286 modo
825 1221 1101 1306 interpunctione,
1129 1221 1250 1286 tuenda
1278 1225 1367 1284 sunt:
1395 1243 1484 1286 11111
1515 1245 1529 1282 c

353 1327 451 1413 plapa
481 1323 640 1413 (corticis)
671 1333 794 1405 cinnat,
827 1349 915 1409 picem
947 1330 1178 1412 opobalsamum
1211 1334 1335 1411 occant,
1367 1329 1529 1392 succollatis

308 1498 312 1504 ,
354 1434 491 1498 corinnae.
519 1435 572 1498 sed
601 1435 704 1498 tenui
728 1440 833 1518 putta
855 1436 1010 1518 ploratu
1040 1434 1128 1523 (est).
1152 1438 1235 1501 lanis
1250 1457 1354 1519 parca
1377 1434 1528 1516 collipr'tur

353 1541 388 1604 in
411 1561 535 1620 emuna,
559 1561 595 1605 eu
617 1542 658 1605 iis
680 1561 756 1606 noco
778 1542 868 1624 fictili
891 1543 1039 1626 conditur,
1062 1543 1209 1608 11111111
1232 1543 1345 1606 similis
1366 1540 1427 1604 olco
1446 1545 1474 1604 ct
1494 1542 1527 1602 in

354 1652 454 1712 musto
477 1645 627 1712 candida.
650 1647 686 1711 in
707 1647 759 1711 his
782 1648 883 1712 verba
907 1649 996 1731 typis
1020 1648 1185 1734 insignita,
1209 1668 1290 1731 quae
1310 1668 1383 1712 curn
1401 1667 1527 1729 praece-

355 1753 506 1817 dentibus
537 1757 594 1817 aut
617 1775 690 1817 cum
713 1754 951 1837 posterioribus
975 1755 1083 1818 verbis
1106 1756 1154 1818 ita
1178 1754 1331 1837 coniungi
1356 1752 1469 1836 solent,
1492 1755 1527 1814 ut

351 1864 440 1942 putta
463 1882 522 1943 pro
548 1860 692 1924 ablativo
717 1864 872 1943 sumatur,
895 1883 991 1944 quam
1014 1862 1103 1926 varie
1127 1865 1254 1925 tentata
1278 1860 1344 1924 sint
1367 1859 1407 1923 ab
1428 1858 1525 1921 edito-

354 1965 454 2050 ribus,
478 1987 615 2050 quorum
637 1965 809 2030 novissimi
833 1988 944 2030 omnes
967 1967 1053 2031 inter
1077 1989 1110 2030 se
1134 1965 1299 2048 dissident,
1321 1966 1454 2049 longum
1479 1969 1526 2026 est

355 2073 519 2157 persequi:
552 2071 632 2137 mihi
661 2094 698 2136 ex
726 2094 803 2137 voce
826 2075 959 2138 candida
983 2072 1262 2138 evidentissimum
1285 2074 1343 2155 est,
1363 2076 1451 2154 putta
1472 2093 1526 2135 1ο-

356 2179 549 2245 minativum
580 2201 650 2243 esse
683 2182 715 2244 et
747 2201 806 2263 pro
841 2179 986 2244 subiecto
1020 2178 1249 2264 accipiendum.
1283 2201 1323 2242 11
1352 2199 1428 2242 vero
1454 2182 1526 2260 apte

355 2285 417 2351 dici
440 2309 507 2351 non
530 2290 642 2370 posset
665 2289 793 2371 guttam
817 2287 906 2350 tenui
929 2287 1060 2369 ploratu
1084 2285 1175 2350 esse?
1198 2286 1306 2368 itaque
1330 2284 1410 2350 haec
1429 2285 1527 2349 verba

355 2414 375 2455 a
402 2393 517 2458 ceteris
547 2391 708 2476 separavi,
735 2412 793 2455 nec
821 2394 930 2456 tamen
959 2391 1126 2476 obloquor,
1154 2392 1182 2456 si
1210 2392 1281 2475 quis
1309 2394 1429 2475 puncto
1453 2394 1526 2474 post

349 2500 477 2580 ploratu
501 2500 605 2563 deleto
632 2498 840 2583 sequentibus
865 2520 903 2563 ea
926 2498 1114 2563 continuare
1138 2498 1297 2564 maluerit.

444 2605 484 2672 In
507 2605 593 2669 asari
618 2604 835 2688 descriptione
858 2603 923 2668 XII
940 2605 982 2668 47
1002 2603 1101 2668 Ianus
1120 2607 1153 2668 11
1172 2627 1245 2669 cum
1264 2627 1301 2668 eo
1321 2603 1524 2668 Detlefsenus

356 2711 536 2776 ediderunt:
559 2711 653 2776 nardi
675 2713 738 2776 oim
760 2711 849 2776 habet
869 2716 898 2775 11
918 2733 1081 2777 asarum..
1105 2718 1149 2776 est
1165 2717 1267 2776 autom
1289 2713 1414 2777 hederae
1432 2711 1524 2792 foliis,

356 2819 587 2884 rotundioribus
608 2823 729 2882 tantum
749 2819 1003 2903 molliendosque,
1023 2819 1099 2900 floro
1111 2840 1276 2902 purpureo,
1294 2819 1397 2884 radice
1411 2817 1526 2883 Gallici

357 2927 461 3004 nardi,
483 2926 598 2991 semine
619 2925 812 2989 acinorum
834 2926 956 3008 saporis
978 2927 1072 2990 calidi
1094 2947 1131 2989 ac
1152 2926 1259 2990 oinosi.
1284 2925 1339 2988 sed
1357 2924 1526 2988 restituen-

356 3031 433 3096 dum
461 3035 511 3096 est
538 3031 624 3116 quod
652 3030 777 3095 codices
805 3031 964 3115 praebent
997 3033 1186 3110 actuosum,
1214 3031 1297 3115 quod
1326 3030 1527 3112 adiectivum,

357 3137 418 3201 etsi
443 3137 690 3202 admirationem
712 3137 821 3221 habet,
844 3139 1054 3202 exterminari
1080 3142 1191 3201 tamen
1208 3160 1225 3201 e
1244 3136 1361 3202 Latino
1381 3157 1526 3202 sermone

355 3266 422 3309 non
444 3244 574 3328 poterit,
597 3265 669 3308 cum
693 3243 817 3308 Plinius
842 3244 941 3308 etiam
958 3242 1037 3307 XXI
1058 3245 1120 3308 los
1141 3244 1240 3308 dicat:
1260 3241 1379 3330 (nostri
1398 3239 1526 3328 vocant)

355 3351 552 3432 asphodelum
582 3351 738 3416 hastulam
765 3351 895 3433 rapiam,
924 3350 1022 3414 caralis
1045 3351 1181 3436 acimsi,
1194 3351 1317 3414 caulem
1342 3350 1526 3435 significans

355 3456 511 3522 ferentem
550 3480 659 3522 semen
691 3457 867 3522 rotundum
904 3460 936 3521 et
968 3456 1069 3521 acinis
1103 3454 1250 3541 simile.⁵)
1289 3455 1399 3540 quidni
1429 3455 1528 3540 igitur

430 3632 450 3701 ⁶)
469 3631 542 3685 Α111
562 3631 704 3702 Silligium
722 3632 797 3686 idem
813 3631 982 3708 adieetivum
995 3631 1144 3700 legebatur
1158 3629 1244 3685 etiam
1257 3631 1321 3685 XIV
1335 3637 1378 3697 40,
1393 3630 1439 3684 ubi
1454 3647 1527 3684 1111

357 3737 372 3772 1
396 3719 537 3774 codicibus
562 3720 723 3774 restitutum
748 3723 791 3774 est
813 3737 827 3773 e
846 3721 1073 3790 racemosissr'mis,
1094 3721 1224 3774 sedeam
1243 3719 1272 3772 M
1291 3719 1466 3774 scribendum
1484 3722 1529 3771 est

357 3810 538 3876 eraccmosis,
563 3825 681 3878 eumque
707 3808 807 3864 vitium
826 3825 929 3877 genera
948 3827 1009 3877 uva,
1029 3828 1085 3863 non
1103 3809 1177 3876 vine,
1195 3807 1347 3877 insignium
1367 3823 1528 3862 enumeren-

357 3899 411 3966 tur,
434 3899 512 3952 totus
536 3899 614 3951 locus
637 3899 712 3951 hunc
733 3897 764 3950 in
786 3898 901 3951 modum
926 3897 1150 3968 distinguendus:
1176 3899 1303 3952 1111111
1322 3896 1528 3950 1111111111-

357 3986 446 4056 sipnes
468 4003 531 4055 noa,
554 4003 611 4041 non
633 3988 706 4053 oino,
731 3987 901 4040 ambrosia
924 4003 937 4040 1
962 3988 1106 4042 duracinis
1126 4017 1158 4027 -
1177 3987 1236 4041 sine
1254 3987 1319 4040 ullis
1337 3988 1411 4040 casis
1427 3987 1458 4039 11
1475 3985 1529 4038 cite

356 4081 490 4142 seruatur,
515 4081 596 4130 tanta
621 4081 658 4129 est
684 4081 780 4129 contra
804 4075 922 4144 fricare,
948 4082 1058 4130 aestans
1087 4080 1302 4144 tempestatesque
1326 4076 1456 4142 circuitam
1479 4090 1528 4126 nec

362 4166 541 4234 orthampelos
559 4165 664 4232 indipet
683 4165 778 4218 arbore
797 4170 846 4218 ant
860 4165 945 4234 palis,
960 4166 1022 4233 ipsa
1036 4182 1063 4219 se
1076 4167 1221 4231 sustinens,
1235 4182 1291 4218 non
1305 4166 1368 4218 item
1381 4163 1529 4232 dactylides
1586 4207 1587 4220 ,

361 4255 474 4322 dipitali
496 4254 703 4322 9111111111-
723 4254 933 4307 columbinae
955 4270 969 4306 1
990 4255 1134 4314 racmnosis
1157 4259 1182 4307 11
1203 4255 1290 4322 mapc's
1313 4251 1446 4321 (insignes
1465 4248 1528 4303 1111

359 4346 423 4410 uva)
445 4357 614 4410 purpureae,
638 4343 793 4412 capnominc
812 4343 1033 4408 bimammiac,
1052 4344 1161 4411 quando
1180 4358 1236 4396 non
1254 4357 1380 4406 racemos,
1398 4341 1529 4395 seducas

359 4431 431 4486 alias
448 4435 555 4503 perant,
569 4432 632 4484 item
645 4433 692 4486 tri
693 4432 847 4499 pedaneo
866 4447 889 4484 e.
909 4449 934 4499 q.
951 4450 971 4488 1,
996 4430 1160 4500 superlativi
1172 4447 1228 4484 non
1241 4428 1416 4498 intellegitur
1429 4428 1529 4487 idonea
