3212 5088
876 399 1034 498 .--ἓὲ-

368 615 439 660 τινα
469 594 577 675 ἀφίηει
613 595 724 674 μικρὸν
752 593 900 674 ἄφυλλον
928 593 1035 673 ὥοπερ
1064 591 1175 674 ῥιζίον,
1205 597 1261 658 aut
1288 600 1317 659 ct
1341 597 1412 678 ipso
1439 618 1478 659 ex
1506 596 1541 660 M

368 701 589 786 reponendum
616 705 674 766 eet.
723 721 784 785 ego
811 702 895 766 hanc
931 701 1091 765 rationem
1127 703 1350 786 praetulerim,
1386 707 1424 767 ut
1459 726 1541 787 quae

369 831 470 891 neque
501 830 521 872 a
547 805 704 870 librorum
732 808 889 872 memoria
912 806 1041 872 recedat
1063 811 1096 872 et
1118 809 1243 890 peccati
1270 809 1428 894 originem
1450 813 1541 892 pate-

369 914 481 978 faciat:
503 935 580 978 uam
602 912 805 996 pronominis
828 915 892 995 epse
919 913 1096 998 geminatio
1125 915 1258 979 auribus
1286 917 1416 1000 ingrata
1439 916 1542 980 movit

368 1021 538 1089 librarium
552 1019 720 1104 archetypi
735 1019 817 1103 eisc,
842 1042 880 1084 ex
895 1043 958 1104 quo
973 1021 1072 1086 ceteri
1091 1021 1216 1086 codices
1232 1045 1380 1086 manasse
1404 1023 1541 1105 putandi

371 1132 459 1212 sunt,
483 1129 520 1190 ut
542 1127 600 1191 illo
622 1148 681 1209 pro
705 1127 774 1207 apsa
797 1125 983 1212 corrigeret.

458 1232 538 1298 XIII
566 1234 608 1298 53
636 1233 722 1298 cedro
751 1235 863 1297 sterilis
894 1235 929 1298 ic
956 1235 1097 1300 Arcadio
1129 1241 1173 1302 cst
1202 1237 1307 1319 orbor,
1338 1237 1373 1300 ia
1402 1235 1543 1318 Plirpyio

368 1343 472 1422 frater
503 1346 629 1406 vocatur
660 1340 793 1421 cedrus.
844 1339 930 1423 quod
956 1339 991 1403 M
1017 1341 1118 1406 habet
1145 1345 1265 1427 cedria,
1292 1342 1325 1406 id
1353 1365 1419 1407 non
1445 1341 1543 1406 modo

371 1448 455 1513 cedri
480 1447 603 1512 fructus
628 1445 810 1532 significare
835 1444 905 1531 (cfr.
928 1443 1037 1512 XXIV
1060 1445 1132 1536 20),
1160 1450 1216 1514 sed
1239 1449 1338 1514 etiam
1360 1448 1542 1533 legitimum

371 1559 404 1620 et
426 1555 602 1640 genuinum
625 1553 752 1618 fruticis
774 1574 893 1619 nomen
917 1577 986 1618 esse
1010 1554 1163 1620 discimus
1192 1578 1229 1620 ex
1260 1554 1421 1638 Theophr.
1443 1554 1475 1618 h.
1498 1555 1544 1636 pl.

370 1663 387 1726 I
415 1663 449 1745 9,
479 1663 514 1725 4:
554 1665 620 1726 τῶν
648 1662 683 1724 δὲ
714 1665 923 1738 θαμνωδῶν
952 1661 1066 1740 κιττόε,
1097 1661 1203 1741 βάτοι,
1232 1662 1365 1740 ῥάμνος,
1394 1660 1545 1748 κάλαμος,

372 1767 515 1845 κεδρίε·
553 1766 616 1831 tta
647 1767 708 1846 γάρ
736 1788 765 1829 τι
793 1767 914 1845 μικρόν,
948 1769 966 1829 ὃ
995 1768 1034 1831 οὐ
1062 1771 1258 1846 δενδροῡται.
1310 1789 1403 1851 quem
1434 1767 1544 1832 locum

372 1873 473 1938 miror
495 1873 618 1958 fugisse
642 1873 741 1937 etiam
764 1869 951 1938 Schneideri
973 1869 1181 1958 industriam,
1206 1875 1261 1958 qui
1283 1873 1442 1957 Theophr.
1468 1873 1546 1938 edit.

371 1982 450 2044 tom.
477 1978 527 2043 III
549 2002 580 2063 p.
605 1980 647 2045 52
678 1979 759 2044 citat
788 1977 886 2042 Plinii
909 1977 987 2044 XVI
1011 1980 1067 2064 80,
1094 1980 1148 2043 ubi
1172 1980 1262 2044 nulla
1289 1980 1384 2044 buius
1415 1979 1546 2044 fruticis

373 2086 495 2150 mentio
517 2086 564 2150 fit.

461 2192 607 2277 Denique
619 2192 751 2256 alterius
767 2213 893 2276 quoque
907 2191 1039 2274 plantae
1053 2213 1172 2254 nomen
1186 2193 1347 2256 communi
1362 2192 1479 2258 codicis
1496 2217 1547 2258 rc-

373 2299 487 2384 scripti
526 2304 559 2364 et
595 2299 815 2384 Theophrasti
856 2298 1051 2363 auctoritaie
1088 2297 1331 2363 commendatur
1367 2298 1445 2364 XIII
1481 2303 1546 2366 128

371 2410 529 2489 frutectosi
555 2415 599 2474 est
622 2409 741 2491 poneris
764 2412 792 2471 et
820 2405 977 2488 scripto
1000 2406 1081 2469 circo
1104 2406 1216 2470 Nilum
1238 2427 1366 2471 trasceas
1388 2409 1460 2492 cet,
1490 2410 1547 2491 qui

372 2516 462 2581 locus
491 2515 698 2599 paucioribus
726 2512 870 2597 quidem,
908 2513 964 2577 sed
999 2512 1115 2576 iisdem
1142 2509 1209 2576 fere
1236 2513 1344 2579 verbis
1377 2535 1415 2578 ex
1442 2513 1472 2577 h.
1504 2517 1547 2597 pl.

372 2619 421 2686 IV
441 2623 474 2706 8,
497 2621 519 2685 5
542 2619 594 2708 (τὸ
618 2622 654 2684 δὲ
678 2620 746 2699 cupi
770 2621 886 2698 φύεται
900 2621 967 2699 ’μὲν
990 2621 1026 2684 ἐν
1049 2626 1095 2703 τῷ
1119 2622 1208 2684 ὕδατι
1233 2623 1306 2700 περὶ
1328 2622 1368 2685 τὰ
1391 2623 1446 2699 ἕλη
1471 2622 1548 2706 cet.)

374 2727 553 2791 translatus
577 2727 635 2789 est.
665 2725 794 2806 sarephu
817 2725 952 2790 debetur
975 2726 1037 2790 soli
1052 2725 1086 2810 d,
1109 2725 1143 2790 in
1167 2724 1222 2789 Da
1245 2729 1295 2791 est
1317 2729 1430 2808 corifo,
1454 2729 1490 2792 in
1514 2729 1549 2791 M

375 2834 474 2912 sari,
502 2853 697 2916 quamquam
719 2831 755 2896 in
768 2831 871 2896 indice
894 2831 990 2896 huius
1014 2831 1089 2895 libri
1113 2834 1145 2895 et
1167 2832 1237 2916 ipse
1252 2834 1379 2916 cordoba
1400 2835 1549 2916 praebet.

376 2939 461 3024 apud
490 2938 631 3004 Graecos
663 2939 753 3004 nulla
780 2938 886 3002 forma
916 2937 982 3002 alia
1007 2939 1043 3002 in
1070 2960 1132 3002 usu
1159 2938 1222 3002 fuit
1249 2927 1345 3022 quam
1373 2940 1454 3024 εὰρι,
1482 2941 1551 3004 nisi

376 3047 461 3132 quod
488 3044 670 3131 Hesychius
699 3068 723 3109 s.
751 3069 781 3110 ν.
807 3045 955 3110 nominat
981 3045 1080 3109 etiam
1109 3045 1209 3125 (αρίν,
1243 3045 1351 3126 (αρὸν,
1385 3046 1491 3125 φυτόν
1519 3070 1550 3110 τι

376 3153 546 3232 γινόμενον
574 3154 610 3219 ἐν
638 3158 706 3217 rote
733 3151 805 3216 κατ’
832 3149 994 3228 Αἴγυπτον
1022 3153 1132 3218 ἕλεαν.
1182 3153 1311 3248 scriptu
1338 3155 1446 3218 autem
1474 3175 1551 3218 cum

376 3258 494 3325 Moneo
518 3261 602 3324 teste
624 3259 710 3324 idem
725 3259 769 3323 sit
791 3280 829 3322 ac
851 3261 918 3323 scri
936 3280 1008 3322 cum
1022 3259 1159 3323 articulo
1184 3259 1316 3323 definito
1331 3259 1552 3344 coniunctum,

375 3388 483 3432 nonne
505 3366 705 3430 tutissimum
729 3367 791 3448 est,
815 3387 888 3429 oum
911 3364 945 3428 M
967 3364 1030 3430 hoc
1052 3367 1122 3430 loco
1137 3365 1216 3444 sori,
1240 3365 1275 3428 in
1297 3365 1400 3430 indice
1418 3341 1552 3448 scribito

378 3472 539 3538 scribere?
562 3494 640 3536 nam
655 3493 727 3536 cum
750 3471 871 3535 indices
887 3471 1024 3557 singulis
1038 3472 1132 3536 libris
1150 3472 1186 3535 in
1208 3472 1370 3556 plerisque
1383 3471 1553 3538 codicibus

377 3579 675 3662 praemitterentur,
703 3601 741 3643 co
769 3578 896 3643 facilius
923 3581 1053 3661 poterat
1075 3579 1159 3662 fieri,
1187 3582 1223 3642 ut
1249 3578 1402 3644 librarius
1430 3578 1554 3643 disere·
1601 3577 1602 3624 l

377 3688 490 3770 pantio
513 3686 622 3770 aliqua
644 3687 813 3751 nominum
836 3685 1051 3750 offenderetur
1075 3690 1169 3750 etex
1198 3686 1302 3750 indice
1323 3684 1399 3748 libri
1422 3689 1553 3750 textum

378 3816 436 3860 suo
460 3793 564 3858 Marte
588 3792 780 3858 emendaret.

467 3898 641 3964 Adversari
667 3898 795 3964 videtur
830 3897 1073 3983 Theophrastus
1111 3900 1212 3965 codici
1248 3898 1282 3962 M
1319 3900 1352 3962 et
1381 3899 1554 3984 vulgatam

378 4005 551 4070 lectionem
573 4005 669 4090 tueri,
697 4028 771 4070 cum
794 4005 831 4069 dc
854 4006 961 4074 fructu
989 4006 1122 4071 alterius
1153 4006 1279 4092 generis
1304 4004 1442 4069 feminae
1465 4009 1555 4068 tere·
1600 4038 1601 4053 ν

379 4112 486 4176 binthi
510 4110 596 4176 dicat
617 4111 649 4176 h.
672 4111 714 4196 pl.
738 4110 787 4176 HI
813 4112 868 4195 15,
892 4113 912 4177 3
937 4115 1069 4192 μέγεθος
1091 4114 1202 4193 ἡλίκον
1225 4113 1362 4190 κύαμον,
1390 4111 1554 4191 ῥητινώοη
1599 4173 1600 4180 ,

380 4221 415 4284 δὲ
439 4219 489 4282 καὶ
518 4219 787 4296 θυωδέῑτερον,
815 4217 954 4301 itemque
981 4217 1104 4282 Plinius
1134 4218 1213 4283 XIII
1237 4219 1280 4282 54
1311 4237 1374 4282 coa
1398 4219 1556 4298 prandeor

378 4325 469 4408 fcto,
496 4325 585 4388 odore
607 4325 799 4402 iucundior,
827 4329 908 4388 tacto
936 4327 1096 4392 resicosus.
1143 4325 1199 4390 sed
1225 4347 1292 4389 non
1313 4323 1440 4388 videtur
1464 4346 1555 4390 oom-

380 4429 508 4513 paratio
537 4429 753 4514 intellegenda
780 4452 850 4508 esse
874 4453 947 4495 cum
974 4431 1050 4496 faba
1077 4434 1134 4496 aut
1161 4453 1234 4498 cum
1261 4429 1393 4496 alterius
1422 4433 1555 4516 generis
