<?xml version="1.0" encoding="UTF-8"?>
<!DOCTYPE html PUBLIC "-//W3C//DTD XHTML 1.0 Transitional//EN"
    "http://www.w3.org/TR/xhtml1/DTD/xhtml1-transitional.dtd">
<html xmlns="http://www.w3.org/1999/xhtml" xml:lang="en" lang="en">
 <head>
  <title>
</title>
<meta http-equiv="Content-Type" content="text/html;charset=utf-8" />
  <meta name='ocr-system' content='tesseract 3.04.00' />
  <meta name='ocr-capabilities' content='ocr_page ocr_carea ocr_par ocr_line ocrx_word'/>
</head>
<body>
  <div class='ocr_page' id='page_1' title='image "./novaelucubratio00mayhgoog_0015.png"; bbox 0 0 3212 5088; ppageno 0'>
   <div class='ocr_carea' id='block_1_1' title="bbox 232 529 1481 1359">
    <p class='ocr_par' dir='ltr' id='par_1_1' title="bbox 232 529 1481 1359">
     <span class='ocr_line' id='line_1_1' title="bbox 307 529 1481 614; baseline -0.002 -18"><span class='ocrx_word' id='word_1_1' title='bbox 307 531 440 596; x_wconf 82' lang='lat' dir='ltr'>Solino</span> <span class='ocrx_word' id='word_1_2' title='bbox 464 532 680 614; x_wconf 85' lang='lat' dir='ltr'>potissimum,</span> <span class='ocrx_word' id='word_1_3' title='bbox 704 530 794 594; x_wconf 91' lang='lat' dir='ltr'>cuius</span> <span class='ocrx_word' id='word_1_4' title='bbox 817 551 902 593; x_wconf 91' lang='lat' dir='ltr'>nunc</span> <span class='ocrx_word' id='word_1_5' title='bbox 921 529 1042 593; x_wconf 88' lang='lat' dir='ltr'>utimur</span> <span class='ocrx_word' id='word_1_6' title='bbox 1061 529 1201 595; x_wconf 79' lang='lat' dir='ltr'>editione</span> <span class='ocrx_word' id='word_1_7' title='bbox 1220 529 1481 595; x_wconf 88' lang='lat' dir='ltr'>Mommseniana</span> 
     </span>
     <span class='ocr_line' id='line_1_2' title="bbox 307 635 1478 722; baseline -0.002 -20"><span class='ocrx_word' id='word_1_8' title='bbox 307 638 348 702; x_wconf 89' lang='lat' dir='ltr'>ad</span> <span class='ocrx_word' id='word_1_9' title='bbox 372 661 466 702; x_wconf 90' lang='lat' dir='ltr'>usum</span> <span class='ocrx_word' id='word_1_10' title='bbox 489 635 688 702; x_wconf 85' lang='lat' dir='ltr'>eruditorum</span> <span class='ocrx_word' id='word_1_11' title='bbox 711 637 923 701; x_wconf 81' lang='lat' dir='ltr'>habilissima.</span> <span class='ocrx_word' id='word_1_12' title='bbox 947 659 1045 719; x_wconf 89' lang='lat' dir='ltr'>quarn</span> <span class='ocrx_word' id='word_1_13' title='bbox 1068 636 1196 720; x_wconf 90' lang='lat' dir='ltr'>quidem</span> <span class='ocrx_word' id='word_1_14' title='bbox 1221 639 1398 722; x_wconf 83' lang='lat' dir='ltr'>auctorum,</span> <span class='ocrx_word' id='word_1_15' title='bbox 1422 638 1478 721; x_wconf 89' lang='lat' dir='ltr'>qui</span> 
     </span>
     <span class='ocr_line' id='line_1_3' title="bbox 307 742 1479 827; baseline -0.002 -19"><span class='ocrx_word' id='word_1_16' title='bbox 307 745 411 808; x_wconf 91' lang='lat' dir='ltr'>adhuc</span> <span class='ocrx_word' id='word_1_17' title='bbox 434 747 572 826; x_wconf 83' lang='lat' dir='ltr'>exstant,</span> <span class='ocrx_word' id='word_1_18' title='bbox 594 743 902 827; x_wconf 83' lang='lat' dir='ltr'>pervestigationem</span> <span class='ocrx_word' id='word_1_19' title='bbox 927 742 1053 805; x_wconf 79' lang='lat' dir='ltr'>assidue</span> <span class='ocrx_word' id='word_1_20' title='bbox 1073 743 1200 806; x_wconf 87' lang='lat' dir='ltr'>institui</span> <span class='ocrx_word' id='word_1_21' title='bbox 1220 767 1301 826; x_wconf 89' lang='lat' dir='ltr'>opus</span> <span class='ocrx_word' id='word_1_22' title='bbox 1321 765 1391 806; x_wconf 88' lang='lat' dir='ltr'>esse</span> <span class='ocrx_word' id='word_1_23' title='bbox 1406 767 1479 806; x_wconf 86' lang='lat' dir='ltr'>cunr</span> 
     </span>
     <span class='ocr_line' id='line_1_4' title="bbox 307 847 1479 934; baseline -0.001 -21"><span class='ocrx_word' id='word_1_24' title='bbox 307 850 494 914; x_wconf 84' lang='lat' dir='ltr'>Detlefseno</span> <span class='ocrx_word' id='word_1_25' title='bbox 519 847 644 934; x_wconf 87' lang='lat' dir='ltr'>(philol.</span> <span class='ocrx_word' id='word_1_26' title='bbox 668 849 774 912; x_wconf 85' lang='lat' dir='ltr'>XXXI</span> <span class='ocrx_word' id='word_1_27' title='bbox 799 872 829 930; x_wconf 91' lang='lat' dir='ltr'>p.</span> <span class='ocrx_word' id='word_1_28' title='bbox 849 849 927 934; x_wconf 75' lang='lat'>387)</span> <span class='ocrx_word' id='word_1_29' title='bbox 951 871 1143 932; x_wconf 88' lang='lat' dir='ltr'>persuasum</span> <span class='ocrx_word' id='word_1_30' title='bbox 1166 850 1271 914; x_wconf 91' lang='lat' dir='ltr'>habeo</span> <span class='ocrx_word' id='word_1_31' title='bbox 1298 853 1331 912; x_wconf 89' lang='lat' dir='ltr'>et</span> <span class='ocrx_word' id='word_1_32' title='bbox 1349 853 1479 932; x_wconf 88' lang='lat' dir='ltr'>praeter·</span> 
     </span>
     <span class='ocr_line' id='line_1_5' title="bbox 307 955 1479 1038; baseline 0 -18"><span class='ocrx_word' id='word_1_33' title='bbox 307 956 453 1021; x_wconf 90' lang='lat' dir='ltr'>codicum</span> <span class='ocrx_word' id='word_1_34' title='bbox 475 957 702 1020; x_wconf 84' lang='lat' dir='ltr'>auctoritatem</span> <span class='ocrx_word' id='word_1_35' title='bbox 717 955 933 1018; x_wconf 87' lang='lat' dir='ltr'>certissimum</span> <span class='ocrx_word' id='word_1_36' title='bbox 948 977 1018 1018; x_wconf 87' lang='lat' dir='ltr'>esse</span> <span class='ocrx_word' id='word_1_37' title='bbox 1034 955 1267 1020; x_wconf 74' lang='lat' dir='ltr'>emendationis</span> <span class='ocrx_word' id='word_1_38' title='bbox 1282 956 1479 1038; x_wconf 86' lang='lat' dir='ltr'>praesidium</span> 
     </span>
     <span class='ocr_line' id='line_1_6' title="bbox 308 1061 1479 1146; baseline 0 -20"><span class='ocrx_word' id='word_1_39' title='bbox 308 1064 341 1126; x_wconf 91' lang='lat' dir='ltr'>in</span> <span class='ocrx_word' id='word_1_40' title='bbox 364 1063 431 1126; x_wconf 90' lang='lat' dir='ltr'>dies</span> <span class='ocrx_word' id='word_1_41' title='bbox 455 1063 560 1146; x_wconf 78' lang='lat' dir='ltr'>magis</span> <span class='ocrx_word' id='word_1_42' title='bbox 584 1062 734 1146; x_wconf 82' lang='lat' dir='ltr'>cognovi3</span> <span class='ocrx_word' id='word_1_43' title='bbox 753 1061 839 1144; x_wconf 92' lang='lat' dir='ltr'>quod</span> <span class='ocrx_word' id='word_1_44' title='bbox 856 1061 911 1126; x_wconf 91' lang='lat' dir='ltr'>ubi</span> <span class='ocrx_word' id='word_1_45' title='bbox 931 1063 1048 1145; x_wconf 81' lang='lat' dir='ltr'>deficit,</span> <span class='ocrx_word' id='word_1_46' title='bbox 1069 1063 1172 1126; x_wconf 89' lang='lat' dir='ltr'>multa</span> <span class='ocrx_word' id='word_1_47' title='bbox 1191 1063 1224 1126; x_wconf 90' lang='lat' dir='ltr'>in</span> <span class='ocrx_word' id='word_1_48' title='bbox 1245 1063 1367 1127; x_wconf 84' lang='lat' dir='ltr'>incerto</span> <span class='ocrx_word' id='word_1_49' title='bbox 1382 1062 1479 1132; x_wconf 87' lang='lat' dir='ltr'>relin-</span> 
     </span>
     <span class='ocr_line' id='line_1_7' title="bbox 307 1167 1478 1254; baseline 0 -22"><span class='ocrx_word' id='word_1_50' title='bbox 307 1169 432 1252; x_wconf 86' lang='lat' dir='ltr'>quenda</span> <span class='ocrx_word' id='word_1_51' title='bbox 456 1173 538 1253; x_wconf 81' lang='lat' dir='ltr'>suut,</span> <span class='ocrx_word' id='word_1_52' title='bbox 562 1169 664 1232; x_wconf 90' lang='lat' dir='ltr'>multa</span> <span class='ocrx_word' id='word_1_53' title='bbox 687 1167 774 1232; x_wconf 92' lang='lat' dir='ltr'>haud</span> <span class='ocrx_word' id='word_1_54' title='bbox 797 1168 892 1232; x_wconf 88' lang='lat' dir='ltr'>dubie</span> <span class='ocrx_word' id='word_1_55' title='bbox 916 1172 1048 1250; x_wconf 88' lang='lat' dir='ltr'>peccata</span> <span class='ocrx_word' id='word_1_56' title='bbox 1071 1169 1184 1254; x_wconf 74' lang='lat' dir='ltr'>latent,</span> <span class='ocrx_word' id='word_1_57' title='bbox 1204 1191 1285 1252; x_wconf 72' lang='lat' dir='ltr'>(luae</span> <span class='ocrx_word' id='word_1_58' title='bbox 1309 1168 1396 1232; x_wconf 90' lang='lat' dir='ltr'>haud</span> <span class='ocrx_word' id='word_1_59' title='bbox 1411 1168 1478 1232; x_wconf 92' lang='lat' dir='ltr'>scio</span> 
     </span>
     <span class='ocr_line' id='line_1_8' title="bbox 232 1274 1479 1359; baseline -0.003 -17"><span class='ocrx_word' id='word_1_60' title='bbox 232 1335 234 1342; x_wconf 88' lang='grc'><em>,</em></span> <span class='ocrx_word' id='word_1_61' title='bbox 308 1299 350 1340; x_wconf 88' lang='lat' dir='ltr'>an</span> <span class='ocrx_word' id='word_1_62' title='bbox 372 1276 462 1339; x_wconf 91' lang='lat' dir='ltr'>nulla</span> <span class='ocrx_word' id='word_1_63' title='bbox 484 1298 636 1358; x_wconf 90' lang='lat' dir='ltr'>umquam</span> <span class='ocrx_word' id='word_1_64' title='bbox 660 1279 729 1338; x_wconf 89' lang='lat' dir='ltr'>arte</span> <span class='ocrx_word' id='word_1_65' title='bbox 754 1275 861 1358; x_wconf 76' lang='lat' dir='ltr'>detegi</span> <span class='ocrx_word' id='word_1_66' title='bbox 884 1275 1020 1358; x_wconf 89' lang='lat' dir='ltr'>possint.</span> <span class='ocrx_word' id='word_1_67' title='bbox 1041 1297 1137 1358; x_wconf 85' lang='lat' dir='ltr'>saepe</span> <span class='ocrx_word' id='word_1_68' title='bbox 1157 1276 1241 1339; x_wconf 88' lang='lat' dir='ltr'>enim</span> <span class='ocrx_word' id='word_1_69' title='bbox 1261 1298 1340 1359; x_wconf 89' lang='lat' dir='ltr'>quas</span> <span class='ocrx_word' id='word_1_70' title='bbox 1354 1274 1479 1338; x_wconf 85' lang='lat' dir='ltr'>Plinius</span> 
     </span>
    </p>
   </div>
   <div class='ocr_carea' id='block_1_2' title="bbox 276 1519 1484 4432">
    <p class='ocr_par' dir='ltr' id='par_1_2' title="bbox 276 1519 1484 4432">
     <span class='ocr_line' id='line_1_9' title="bbox 307 1519 1481 1588; baseline -0.002 -12"><span class='ocrx_word' id='word_1_71' title='bbox 307 1524 337 1576; x_wconf 89' lang='lat' dir='ltr'>in</span> <span class='ocrx_word' id='word_1_72' title='bbox 355 1521 494 1576; x_wconf 88' lang='lat' dir='ltr'>indicibus</span> <span class='ocrx_word' id='word_1_73' title='bbox 512 1521 648 1575; x_wconf 89' lang='lat' dir='ltr'>librorum</span> <span class='ocrx_word' id='word_1_74' title='bbox 666 1519 718 1574; x_wconf 92' lang='lat' dir='ltr'>XX</span> <span class='ocrx_word' id='word_1_75' title='bbox 737 1539 797 1588; x_wconf 86' lang='lat' dir='ltr'>sqq.</span> <span class='ocrx_word' id='word_1_76' title='bbox 817 1523 845 1574; x_wconf 90' lang='lat' dir='ltr'>et</span> <span class='ocrx_word' id='word_1_77' title='bbox 864 1521 914 1573; x_wconf 88' lang='lat' dir='ltr'>XX</span> <span class='ocrx_word' id='word_1_78' title='bbox 934 1527 975 1574; x_wconf 79' lang='lat'>7⁷.</span> <span class='ocrx_word' id='word_1_79' title='bbox 991 1521 1068 1574; x_wconf 86' lang='lat' dir='ltr'>XXV</span> <span class='ocrx_word' id='word_1_80' title='bbox 1084 1529 1134 1575; x_wconf 89' lang='lat'>110</span> <span class='ocrx_word' id='word_1_81' title='bbox 1148 1520 1189 1574; x_wconf 89' lang='lat' dir='ltr'>ita</span> <span class='ocrx_word' id='word_1_82' title='bbox 1205 1519 1355 1588; x_wconf 81' lang='lat' dir='ltr'>coniunxit,</span> <span class='ocrx_word' id='word_1_83' title='bbox 1370 1523 1402 1574; x_wconf 92' lang='lat' dir='ltr'>ut</span> <span class='ocrx_word' id='word_1_84' title='bbox 1415 1539 1481 1575; x_wconf 88' lang='lat' dir='ltr'>eum</span> 
     </span>
     <span class='ocr_line' id='line_1_10' title="bbox 276 1609 1483 1686; baseline 0.001 -23"><span class='ocrx_word' id='word_1_85' title='bbox 276 1675 281 1686; x_wconf 54' lang='lat'><em>,</em></span> <span class='ocrx_word' id='word_1_86' title='bbox 307 1612 379 1665; x_wconf 85' lang='lat' dir='ltr'>falso</span> <span class='ocrx_word' id='word_1_87' title='bbox 405 1629 491 1664; x_wconf 88' lang='lat' dir='ltr'>unum</span> <span class='ocrx_word' id='word_1_88' title='bbox 515 1609 659 1664; x_wconf 90' lang='lat' dir='ltr'>hominem</span> <span class='ocrx_word' id='word_1_89' title='bbox 683 1609 853 1664; x_wconf 78' lang='lat' dir='ltr'>intellexisse</span> <span class='ocrx_word' id='word_1_90' title='bbox 878 1609 1058 1662; x_wconf 87' lang='lat' dir='ltr'>manifestum</span> <span class='ocrx_word' id='word_1_91' title='bbox 1077 1609 1124 1663; x_wconf 85' lang='lat' dir='ltr'>sit:</span> <span class='ocrx_word' id='word_1_92' title='bbox 1144 1610 1340 1666; x_wconf 83' lang='lat' dir='ltr'>undenorum</span> <span class='ocrx_word' id='word_1_93' title='bbox 1357 1609 1483 1664; x_wconf 87' lang='lat' dir='ltr'>nascitur·</span> 
     </span>
     <span class='ocr_line' id='line_1_11' title="bbox 308 1697 1482 1768; baseline -0.003 -14"><span class='ocrx_word' id='word_1_94' title='bbox 308 1699 501 1754; x_wconf 78' lang='lat' dir='ltr'>testimonium</span> <span class='ocrx_word' id='word_1_95' title='bbox 516 1698 721 1754; x_wconf 86' lang='lat' dir='ltr'>affirmantibus</span> <span class='ocrx_word' id='word_1_96' title='bbox 735 1697 857 1752; x_wconf 89' lang='lat' dir='ltr'>Plinium</span> <span class='ocrx_word' id='word_1_97' title='bbox 876 1716 932 1752; x_wconf 92' lang='lat' dir='ltr'>non</span> <span class='ocrx_word' id='word_1_98' title='bbox 947 1697 1071 1752; x_wconf 90' lang='lat' dir='ltr'>omnium</span> <span class='ocrx_word' id='word_1_99' title='bbox 1084 1698 1198 1752; x_wconf 88' lang='lat' dir='ltr'>illorum</span> <span class='ocrx_word' id='word_1_100' title='bbox 1213 1699 1379 1768; x_wconf 87' lang='lat' dir='ltr'>scriptorum</span> <span class='ocrx_word' id='word_1_101' title='bbox 1393 1698 1482 1752; x_wconf 85' lang='lat' dir='ltr'>libros</span> 
     </span>
     <span class='ocr_line' id='line_1_12' title="bbox 310 1786 1480 1858; baseline -0.001 -17"><span class='ocrx_word' id='word_1_102' title='bbox 310 1788 434 1858; x_wconf 83' lang='lat' dir='ltr'>singulos</span> <span class='ocrx_word' id='word_1_103' title='bbox 452 1788 544 1856; x_wconf 89' lang='lat' dir='ltr'>ipsum</span> <span class='ocrx_word' id='word_1_104' title='bbox 563 1786 592 1839; x_wconf 90' lang='lat' dir='ltr'>in</span> <span class='ocrx_word' id='word_1_105' title='bbox 611 1786 738 1848; x_wconf 81' lang='lat' dir='ltr'>manibus</span> <span class='ocrx_word' id='word_1_106' title='bbox 757 1786 888 1840; x_wconf 86' lang='lat' dir='ltr'>habuisse</span> <span class='ocrx_word' id='word_1_107' title='bbox 908 1789 942 1854; x_wconf 87' lang='lat' dir='ltr'>(v.</span> <span class='ocrx_word' id='word_1_108' title='bbox 962 1787 996 1840; x_wconf 91' lang='lat' dir='ltr'>H.</span> <span class='ocrx_word' id='word_1_109' title='bbox 1016 1787 1169 1840; x_wconf 85' lang='lat' dir='ltr'>Bnmnium</span> <span class='ocrx_word' id='word_1_110' title='bbox 1189 1787 1222 1840; x_wconf 88' lang='lat' dir='ltr'>de</span> <span class='ocrx_word' id='word_1_111' title='bbox 1242 1789 1314 1842; x_wconf 88' lang='lat' dir='ltr'>auct.</span> <span class='ocrx_word' id='word_1_112' title='bbox 1333 1788 1390 1840; x_wconf 90' lang='lat' dir='ltr'>ind.</span> <span class='ocrx_word' id='word_1_113' title='bbox 1409 1787 1480 1841; x_wconf 89' lang='lat' dir='ltr'>Pliu.</span> 
     </span>
     <span class='ocr_line' id='line_1_13' title="bbox 309 1874 1482 1946; baseline 0.001 -17"><span class='ocrx_word' id='word_1_114' title='bbox 309 1895 335 1945; x_wconf 87' lang='lat' dir='ltr'>p.</span> <span class='ocrx_word' id='word_1_115' title='bbox 356 1877 408 1941; x_wconf 74' lang='lat'>50).</span> <span class='ocrx_word' id='word_1_116' title='bbox 430 1874 553 1929; x_wconf 90' lang='lat' dir='ltr'>omnium</span> <span class='ocrx_word' id='word_1_117' title='bbox 571 1893 637 1930; x_wconf 82' lang='lat' dir='ltr'>vero</span> <span class='ocrx_word' id='word_1_118' title='bbox 656 1875 896 1944; x_wconf 87' lang='lat' dir='ltr'>frequentissimus</span> <span class='ocrx_word' id='word_1_119' title='bbox 912 1877 954 1928; x_wconf 83' lang='lat' dir='ltr'>cst</span> <span class='ocrx_word' id='word_1_120' title='bbox 974 1875 1109 1928; x_wconf 79' lang='lat' dir='ltr'>Sextius</span> <span class='ocrx_word' id='word_1_121' title='bbox 1128 1877 1233 1946; x_wconf 83' lang='lat' dir='ltr'>Niger</span> <span class='ocrx_word' id='word_1_122' title='bbox 1254 1876 1313 1944; x_wconf 89' lang='lat' dir='ltr'>‘qui</span> <span class='ocrx_word' id='word_1_123' title='bbox 1328 1877 1431 1930; x_wconf 82' lang='lat' dir='ltr'>Graece</span> <span class='ocrx_word' id='word_1_124' title='bbox 1447 1877 1482 1930; x_wconf 90' lang='lat' dir='ltr'>dc</span> 
     </span>
     <span class='ocr_line' id='line_1_14' title="bbox 310 1963 1482 2033; baseline -0.001 -16"><span class='ocrx_word' id='word_1_125' title='bbox 310 1963 449 2018; x_wconf 88' lang='lat' dir='ltr'>medicina</span> <span class='ocrx_word' id='word_1_126' title='bbox 468 1963 612 2018; x_wconf 86' lang='lat' dir='ltr'>scriberet&#39;</span> <span class='ocrx_word' id='word_1_127' title='bbox 630 1965 663 2032; x_wconf 86' lang='lat' dir='ltr'>(v.</span> <span class='ocrx_word' id='word_1_128' title='bbox 678 1963 754 2016; x_wconf 89' lang='lat' dir='ltr'>indd.</span> <span class='ocrx_word' id='word_1_129' title='bbox 769 1963 837 2017; x_wconf 92' lang='lat' dir='ltr'>libb.</span> <span class='ocrx_word' id='word_1_130' title='bbox 848 1965 1009 2030; x_wconf 80' lang='lat' dir='ltr'>XII—XVI,</span> <span class='ocrx_word' id='word_1_131' title='bbox 1020 1964 1335 2032; x_wconf 82' lang='lat' dir='ltr'>XX-XXX,XXXII——</span> <span class='ocrx_word' id='word_1_132' title='bbox 1345 1965 1482 2033; x_wconf 84' lang='lat' dir='ltr'>XXXIV),</span> 
     </span>
     <span class='ocr_line' id='line_1_15' title="bbox 310 2047 1483 2122; baseline 0 -16"><span class='ocrx_word' id='word_1_133' title='bbox 310 2070 393 2121; x_wconf 87' lang='lat' dir='ltr'>quem</span> <span class='ocrx_word' id='word_1_134' title='bbox 412 2047 551 2106; x_wconf 84' lang='lat' dir='ltr'>Bruanius</span> <span class='ocrx_word' id='word_1_135' title='bbox 570 2053 588 2106; x_wconf 90' lang='lat' dir='ltr'>l.</span> <span class='ocrx_word' id='word_1_136' title='bbox 608 2053 626 2105; x_wconf 93' lang='lat' dir='ltr'>l.</span> <span class='ocrx_word' id='word_1_137' title='bbox 645 2051 753 2106; x_wconf 84' lang='lat' dir='ltr'>idoneis</span> <span class='ocrx_word' id='word_1_138' title='bbox 773 2051 863 2106; x_wconf 88' lang='lat' dir='ltr'>causis</span> <span class='ocrx_word' id='word_1_139' title='bbox 883 2052 1015 2106; x_wconf 85' lang='lat' dir='ltr'>credibile</span> <span class='ocrx_word' id='word_1_140' title='bbox 1034 2052 1104 2106; x_wconf 82' lang='lat' dir='ltr'>facit</span> <span class='ocrx_word' id='word_1_141' title='bbox 1122 2052 1296 2122; x_wconf 88' lang='lat' dir='ltr'>singulorum</span> <span class='ocrx_word' id='word_1_142' title='bbox 1310 2052 1483 2108; x_wconf 73' lang='lat' dir='ltr'>mediconno</span> 
     </span>
     <span class='ocr_line' id='line_1_16' title="bbox 310 2139 1484 2212; baseline 0.001 -18"><span class='ocrx_word' id='word_1_143' title='bbox 310 2140 398 2195; x_wconf 88' lang='lat' dir='ltr'>libros</span> <span class='ocrx_word' id='word_1_144' title='bbox 423 2140 452 2193; x_wconf 90' lang='lat' dir='ltr'>in</span> <span class='ocrx_word' id='word_1_145' title='bbox 476 2159 562 2194; x_wconf 90' lang='lat' dir='ltr'>unum</span> <span class='ocrx_word' id='word_1_146' title='bbox 582 2158 651 2210; x_wconf 89' lang='lat' dir='ltr'>opus</span> <span class='ocrx_word' id='word_1_147' title='bbox 670 2139 877 2194; x_wconf 85' lang='lat' dir='ltr'>concinnavisse</span> <span class='ocrx_word' id='word_1_148' title='bbox 897 2158 984 2209; x_wconf 87' lang='lat' dir='ltr'>ecque</span> <span class='ocrx_word' id='word_1_149' title='bbox 996 2140 1119 2194; x_wconf 87' lang='lat' dir='ltr'>Plinium</span> <span class='ocrx_word' id='word_1_150' title='bbox 1133 2143 1231 2210; x_wconf 87' lang='lat' dir='ltr'>postca</span> <span class='ocrx_word' id='word_1_151' title='bbox 1245 2141 1275 2196; x_wconf 91' lang='lat' dir='ltr'>in</span> <span class='ocrx_word' id='word_1_152' title='bbox 1288 2141 1385 2212; x_wconf 88' lang='lat' dir='ltr'>primis</span> <span class='ocrx_word' id='word_1_153' title='bbox 1400 2161 1484 2196; x_wconf 89' lang='lat' dir='ltr'>usum</span> 
     </span>
     <span class='ocr_line' id='line_1_17' title="bbox 311 2228 1482 2299; baseline 0.001 -15"><span class='ocrx_word' id='word_1_154' title='bbox 311 2247 379 2284; x_wconf 88' lang='lat' dir='ltr'>esse.</span> <span class='ocrx_word' id='word_1_155' title='bbox 417 2229 561 2284; x_wconf 89' lang='lat' dir='ltr'>Plinianus</span> <span class='ocrx_word' id='word_1_156' title='bbox 587 2231 682 2283; x_wconf 86' lang='lat' dir='ltr'>autem</span> <span class='ocrx_word' id='word_1_157' title='bbox 700 2229 746 2283; x_wconf 92' lang='lat' dir='ltr'>hic</span> <span class='ocrx_word' id='word_1_158' title='bbox 764 2229 851 2299; x_wconf 83' lang='lat' dir='ltr'>Niger</span> <span class='ocrx_word' id='word_1_159' title='bbox 870 2229 937 2298; x_wconf 82' lang='lat' dir='ltr'>quin</span> <span class='ocrx_word' id='word_1_160' title='bbox 956 2228 1031 2283; x_wconf 87' lang='lat' dir='ltr'>idem</span> <span class='ocrx_word' id='word_1_161' title='bbox 1050 2231 1124 2284; x_wconf 87' lang='lat' dir='ltr'>essct</span> <span class='ocrx_word' id='word_1_162' title='bbox 1142 2232 1226 2298; x_wconf 86' lang='lat' dir='ltr'>atque</span> <span class='ocrx_word' id='word_1_163' title='bbox 1245 2229 1269 2284; x_wconf 87' lang='lat' dir='ltr'>is</span> <span class='ocrx_word' id='word_1_164' title='bbox 1289 2231 1323 2284; x_wconf 90' lang='lat' dir='ltr'>de</span> <span class='ocrx_word' id='word_1_165' title='bbox 1342 2248 1396 2299; x_wconf 90' lang='lat' dir='ltr'>quo</span> <span class='ocrx_word' id='word_1_166' title='bbox 1415 2231 1482 2285; x_wconf 86' lang='lat' dir='ltr'>Dio·</span> 
     </span>
     <span class='ocr_line' id='line_1_18' title="bbox 315 2317 1482 2388; baseline 0.003 -18"><span class='ocrx_word' id='word_1_167' title='bbox 315 2317 436 2372; x_wconf 84' lang='lat' dir='ltr'>scorides</span> <span class='ocrx_word' id='word_1_168' title='bbox 455 2317 587 2388; x_wconf 80' lang='lat' dir='ltr'>loquitur,</span> <span class='ocrx_word' id='word_1_169' title='bbox 606 2335 663 2372; x_wconf 88' lang='lat' dir='ltr'>non</span> <span class='ocrx_word' id='word_1_170' title='bbox 682 2319 743 2372; x_wconf 85' lang='lat' dir='ltr'>erat</span> <span class='ocrx_word' id='word_1_171' title='bbox 761 2336 809 2371; x_wconf 88' lang='lat' dir='ltr'>cur</span> <span class='ocrx_word' id='word_1_172' title='bbox 828 2317 969 2372; x_wconf 79' lang='lat' dir='ltr'>dubitaret</span> <span class='ocrx_word' id='word_1_173' title='bbox 983 2317 1094 2372; x_wconf 82' lang='lat' dir='ltr'>Curtius</span> <span class='ocrx_word' id='word_1_174' title='bbox 1110 2318 1289 2388; x_wconf 85' lang='lat' dir='ltr'>Sprengelins</span> <span class='ocrx_word' id='word_1_175' title='bbox 1307 2318 1400 2375; x_wconf 88' lang='lat' dir='ltr'>Diose.</span> <span class='ocrx_word' id='word_1_176' title='bbox 1415 2319 1482 2374; x_wconf 80' lang='lat' dir='ltr'>edit.</span> 
     </span>
     <span class='ocr_line' id='line_1_19' title="bbox 309 2406 1481 2478; baseline 0.001 -17"><span class='ocrx_word' id='word_1_177' title='bbox 309 2407 365 2461; x_wconf 82' lang='lat' dir='ltr'>rol.</span> <span class='ocrx_word' id='word_1_178' title='bbox 384 2408 410 2460; x_wconf 92' lang='lat' dir='ltr'>II</span> <span class='ocrx_word' id='word_1_179' title='bbox 427 2425 453 2477; x_wconf 90' lang='lat' dir='ltr'>p.</span> <span class='ocrx_word' id='word_1_180' title='bbox 475 2415 539 2476; x_wconf 79' lang='lat'>3423</span> <span class='ocrx_word' id='word_1_181' title='bbox 553 2425 619 2461; x_wconf 90' lang='lat' dir='ltr'>nam</span> <span class='ocrx_word' id='word_1_182' title='bbox 639 2425 708 2476; x_wconf 88' lang='lat' dir='ltr'>quos</span> <span class='ocrx_word' id='word_1_183' title='bbox 726 2406 775 2460; x_wconf 89' lang='lat' dir='ltr'>ille</span> <span class='ocrx_word' id='word_1_184' title='bbox 793 2406 822 2460; x_wconf 91' lang='lat' dir='ltr'>iu</span> <span class='ocrx_word' id='word_1_185' title='bbox 836 2406 1009 2478; x_wconf 89' lang='lat' dir='ltr'>praefatione</span> <span class='ocrx_word' id='word_1_186' title='bbox 1023 2406 1112 2476; x_wconf 83' lang='lat' dir='ltr'>Nigro</span> <span class='ocrx_word' id='word_1_187' title='bbox 1127 2409 1277 2476; x_wconf 85' lang='lat' dir='ltr'>exprobrat</span> <span class='ocrx_word' id='word_1_188' title='bbox 1291 2425 1397 2462; x_wconf 87' lang='lat' dir='ltr'>errores</span> <span class='ocrx_word' id='word_1_189' title='bbox 1411 2409 1481 2463; x_wconf 86' lang='lat' dir='ltr'>tres:</span> 
     </span>
     <span class='ocr_line' id='line_1_20' title="bbox 311 2496 1483 2564; baseline 0.002 -16"><span class='ocrx_word' id='word_1_190' title='bbox 311 2499 327 2549; x_wconf 92' lang='grc' dir='ltr'><strong>ὁ</strong></span> <span class='ocrx_word' id='word_1_191' title='bbox 350 2501 419 2561; x_wconf 80' lang='grc' dir='ltr'>γοῦν</span> <span class='ocrx_word' id='word_1_192' title='bbox 444 2498 596 2563; x_wconf 74' lang='grc' dir='ltr'>διαπρεπὴς</span> <span class='ocrx_word' id='word_1_193' title='bbox 619 2499 711 2549; x_wconf 82' lang='grc' dir='ltr'>δοκῶν</span> <span class='ocrx_word' id='word_1_194' title='bbox 730 2497 800 2549; x_wconf 77' lang='grc' dir='ltr'>εἶναι</span> <span class='ocrx_word' id='word_1_195' title='bbox 819 2496 849 2548; x_wconf 83' lang='grc' dir='ltr'>ὲν</span> <span class='ocrx_word' id='word_1_196' title='bbox 873 2497 968 2550; x_wconf 72' lang='lat' dir='ltr'>adroic</span> <span class='ocrx_word' id='word_1_197' title='bbox 987 2496 1068 2563; x_wconf 77' lang='grc' dir='ltr'>Νίγερ</span> <span class='ocrx_word' id='word_1_198' title='bbox 1087 2497 1121 2550; x_wconf 85' lang='grc' dir='ltr'>τὸ</span> <span class='ocrx_word' id='word_1_199' title='bbox 1141 2497 1291 2564; x_wconf 85' lang='grc' dir='ltr'>εὐφόρβιόν</span> <span class='ocrx_word' id='word_1_200' title='bbox 1311 2514 1393 2564; x_wconf 85' lang='grc' dir='ltr'>φηειν</span> <span class='ocrx_word' id='word_1_201' title='bbox 1411 2499 1483 2550; x_wconf 85' lang='grc' dir='ltr'>ὀπὸν</span> 
     </span>
     <span class='ocr_line' id='line_1_21' title="bbox 312 2584 1483 2653; baseline 0.001 -16"><span class='ocrx_word' id='word_1_202' title='bbox 312 2587 383 2638; x_wconf 87' lang='grc' dir='ltr'>εῖναι</span> <span class='ocrx_word' id='word_1_203' title='bbox 401 2584 550 2650; x_wconf 75' lang='grc' dir='ltr'>χαμελαίαε</span> <span class='ocrx_word' id='word_1_204' title='bbox 568 2586 744 2651; x_wconf 79' lang='grc' dir='ltr'>γεννωμένη(</span> <span class='ocrx_word' id='word_1_205' title='bbox 762 2585 792 2638; x_wconf 81' lang='grc' dir='ltr'>ἐν</span> <span class='ocrx_word' id='word_1_206' title='bbox 808 2584 912 2653; x_wconf 80' lang='grc' dir='ltr'>Ἰταλίᾳ,</span> <span class='ocrx_word' id='word_1_207' title='bbox 928 2588 972 2637; x_wconf 79' lang='grc' dir='ltr'>καὶ</span> <span class='ocrx_word' id='word_1_208' title='bbox 987 2586 1020 2638; x_wconf 87' lang='grc' dir='ltr'>τὸ</span> <span class='ocrx_word' id='word_1_209' title='bbox 1035 2586 1218 2652; x_wconf 82' lang='grc' dir='ltr'>ἀνδρόεαιμον</span> <span class='ocrx_word' id='word_1_210' title='bbox 1232 2587 1337 2639; x_wconf 84' lang='grc' dir='ltr'>ταύτὸν</span> <span class='ocrx_word' id='word_1_211' title='bbox 1351 2587 1483 2652; x_wconf 84' lang='grc' dir='ltr'>ὑπάρχειν</span> 
     </span>
     <span class='ocr_line' id='line_1_22' title="bbox 311 2673 1482 2744; baseline -0.001 -17"><span class='ocrx_word' id='word_1_212' title='bbox 311 2677 441 2743; x_wconf 68' lang='lat' dir='ltr'>hasprum,</span> <span class='ocrx_word' id='word_1_213' title='bbox 457 2675 544 2740; x_wconf 88' lang='grc' dir='ltr'>ἀλόην</span> <span class='ocrx_word' id='word_1_214' title='bbox 557 2675 587 2726; x_wconf 82' lang='grc' dir='ltr'>δὲ</span> <span class='ocrx_word' id='word_1_215' title='bbox 599 2675 721 2740; x_wconf 84' lang='grc' dir='ltr'>ὀρυκτὴν</span> <span class='ocrx_word' id='word_1_216' title='bbox 734 2675 763 2727; x_wconf 86' lang='grc' dir='ltr'>ἐν</span> <span class='ocrx_word' id='word_1_217' title='bbox 780 2673 895 2742; x_wconf 81' lang='grc' dir='ltr'>Ἰουδαίᾳ</span> <span class='ocrx_word' id='word_1_218' title='bbox 913 2678 1066 2741; x_wconf 84' lang='grc' dir='ltr'>γεννᾱεθαι,</span> <span class='ocrx_word' id='word_1_219' title='bbox 1086 2690 1150 2726; x_wconf 89' lang='lat' dir='ltr'>ecce</span> <span class='ocrx_word' id='word_1_220' title='bbox 1166 2674 1279 2728; x_wconf 89' lang='lat' dir='ltr'>eosdem</span> <span class='ocrx_word' id='word_1_221' title='bbox 1298 2674 1482 2744; x_wconf 85' lang='lat' dir='ltr'>deprehendis</span> 
     </span>
     <span class='ocr_line' id='line_1_23' title="bbox 312 2753 1481 2832; baseline 0.002 -16"><span class='ocrx_word' id='word_1_222' title='bbox 312 2761 395 2817; x_wconf 89' lang='lat' dir='ltr'>etiam</span> <span class='ocrx_word' id='word_1_223' title='bbox 416 2761 490 2832; x_wconf 88' lang='lat' dir='ltr'>apud</span> <span class='ocrx_word' id='word_1_224' title='bbox 505 2760 636 2818; x_wconf 85' lang='lat' dir='ltr'>Plinium.</span> <span class='ocrx_word' id='word_1_225' title='bbox 652 2763 684 2815; x_wconf 88' lang='lat' dir='ltr'>nt</span> <span class='ocrx_word' id='word_1_226' title='bbox 700 2761 736 2815; x_wconf 88' lang='lat' dir='ltr'>ab</span> <span class='ocrx_word' id='word_1_227' title='bbox 751 2759 851 2815; x_wconf 88' lang='lat' dir='ltr'>ultimo</span> <span class='ocrx_word' id='word_1_228' title='bbox 864 2753 1040 2830; x_wconf 80' lang='lat' dir='ltr'>incipiamus,</span> <span class='ocrx_word' id='word_1_229' title='bbox 1055 2762 1089 2815; x_wconf 90' lang='lat' dir='ltr'>de</span> <span class='ocrx_word' id='word_1_230' title='bbox 1107 2762 1181 2816; x_wconf 87' lang='lat' dir='ltr'>aloe</span> <span class='ocrx_word' id='word_1_231' title='bbox 1199 2761 1318 2831; x_wconf 77' lang='lat' dir='ltr'>legimns</span> <span class='ocrx_word' id='word_1_232' title='bbox 1331 2763 1434 2818; x_wconf 86' lang='lat' dir='ltr'>XXVII</span> <span class='ocrx_word' id='word_1_233' title='bbox 1449 2771 1481 2818; x_wconf 81' lang='lat'>15</span> 
     </span>
     <span class='ocr_line' id='line_1_24' title="bbox 311 2850 1482 2920; baseline 0.003 -17"><span class='ocrx_word' id='word_1_234' title='bbox 311 2852 387 2916; x_wconf 80' lang='lat' dir='ltr'>sacre</span> <span class='ocrx_word' id='word_1_235' title='bbox 414 2851 462 2918; x_wconf 76' lang='lat' dir='ltr'>qai</span> <span class='ocrx_word' id='word_1_236' title='bbox 488 2850 626 2904; x_wconf 83' lang='lat' dir='ltr'>traderent</span> <span class='ocrx_word' id='word_1_237' title='bbox 651 2851 686 2902; x_wconf 81' lang='lat' dir='ltr'>ia</span> <span class='ocrx_word' id='word_1_238' title='bbox 715 2851 736 2901; x_wconf 86' lang='lat' dir='ltr'>I</span> <span class='ocrx_word' id='word_1_239' title='bbox 741 2851 846 2903; x_wconf 80' lang='lat' dir='ltr'>adara</span> <span class='ocrx_word' id='word_1_240' title='bbox 873 2867 955 2919; x_wconf 85' lang='lat' dir='ltr'>saper</span> <span class='ocrx_word' id='word_1_241' title='bbox 980 2851 1170 2920; x_wconf 75' lang='lat' dir='ltr'>Hierosolyma</span> <span class='ocrx_word' id='word_1_242' title='bbox 1196 2853 1397 2906; x_wconf 84' lang='lat' dir='ltr'>ractcllr&#39;cara</span> <span class='ocrx_word' id='word_1_243' title='bbox 1425 2854 1482 2906; x_wconf 78' lang='lat' dir='ltr'>eius</span> 
     </span>
     <span class='ocr_line' id='line_1_25' title="bbox 311 2937 1481 3009; baseline 0.003 -17"><span class='ocrx_word' id='word_1_244' title='bbox 311 2945 450 3004; x_wconf 83' lang='lat' dir='ltr'>aataraor,</span> <span class='ocrx_word' id='word_1_245' title='bbox 474 2937 523 2992; x_wconf 93' lang='lat' dir='ltr'>ubi</span> <span class='ocrx_word' id='word_1_246' title='bbox 547 2937 604 3009; x_wconf 77' lang='lat' dir='ltr'>iam</span> <span class='ocrx_word' id='word_1_247' title='bbox 629 2937 825 3008; x_wconf 87' lang='lat' dir='ltr'>Dalecampius</span> <span class='ocrx_word' id='word_1_248' title='bbox 851 2939 926 2993; x_wconf 90' lang='lat' dir='ltr'>recte</span> <span class='ocrx_word' id='word_1_249' title='bbox 954 2938 1078 2993; x_wconf 80' lang='lat' dir='ltr'>Sextium</span> <span class='ocrx_word' id='word_1_250' title='bbox 1103 2939 1223 3008; x_wconf 79' lang='lat' dir='ltr'>Nigrum</span> <span class='ocrx_word' id='word_1_251' title='bbox 1250 2939 1428 3008; x_wconf 80' lang='lat' dir='ltr'>significavit3</span> <span class='ocrx_word' id='word_1_252' title='bbox 1448 2941 1481 2995; x_wconf 90' lang='lat' dir='ltr'>de</span> 
     </span>
     <span class='ocr_line' id='line_1_26' title="bbox 312 3025 1481 3098; baseline 0.001 -16"><span class='ocrx_word' id='word_1_253' title='bbox 312 3028 533 3082; x_wconf 86' lang='lat' dir='ltr'>androsaemo</span> <span class='ocrx_word' id='word_1_254' title='bbox 559 3029 654 3082; x_wconf 88' lang='lat' dir='ltr'>autem</span> <span class='ocrx_word' id='word_1_255' title='bbox 680 3027 783 3081; x_wconf 88' lang='lat' dir='ltr'>XXVII</span> <span class='ocrx_word' id='word_1_256' title='bbox 809 3035 843 3082; x_wconf 79' lang='lat'>26</span> <span class='ocrx_word' id='word_1_257' title='bbox 870 3029 1068 3082; x_wconf 80' lang='lat' dir='ltr'>androsaemon</span> <span class='ocrx_word' id='word_1_258' title='bbox 1092 3025 1156 3094; x_wconf 78' lang='lat' dir='ltr'>sice,</span> <span class='ocrx_word' id='word_1_259' title='bbox 1179 3034 1211 3082; x_wconf 86' lang='lat' dir='ltr'>at</span> <span class='ocrx_word' id='word_1_260' title='bbox 1236 3030 1288 3082; x_wconf 78' lang='lat' dir='ltr'>alii</span> <span class='ocrx_word' id='word_1_261' title='bbox 1306 3031 1481 3098; x_wconf 79' lang='lat' dir='ltr'>appellavere,</span> 
     </span>
     <span class='ocr_line' id='line_1_27' title="bbox 313 3117 1481 3188; baseline 0.002 -17"><span class='ocrx_word' id='word_1_262' title='bbox 313 3133 429 3186; x_wconf 76' lang='lat' dir='ltr'>ascyron</span> <span class='ocrx_word' id='word_1_263' title='bbox 446 3133 503 3170; x_wconf 86' lang='lat' dir='ltr'>aea</span> <span class='ocrx_word' id='word_1_264' title='bbox 522 3117 643 3170; x_wconf 79' lang='lat' dir='ltr'>absimile</span> <span class='ocrx_word' id='word_1_265' title='bbox 657 3122 695 3170; x_wconf 82' lang='lat' dir='ltr'>est</span> <span class='ocrx_word' id='word_1_266' title='bbox 713 3118 883 3186; x_wconf 71' lang='lat' dir='ltr'>lipperico,</span> <span class='ocrx_word' id='word_1_267' title='bbox 902 3118 932 3170; x_wconf 87' lang='lat' dir='ltr'>et</span> <span class='ocrx_word' id='word_1_268' title='bbox 950 3134 1021 3184; x_wconf 88' lang='lat' dir='ltr'>quae</span> <span class='ocrx_word' id='word_1_269' title='bbox 1041 3117 1170 3186; x_wconf 88' lang='lat' dir='ltr'>deinceps</span> <span class='ocrx_word' id='word_1_270' title='bbox 1190 3120 1344 3187; x_wconf 88' lang='lat' dir='ltr'>sequuntur</span> <span class='ocrx_word' id='word_1_271' title='bbox 1358 3137 1391 3173; x_wconf 83' lang='lat' dir='ltr'>ex</span> <span class='ocrx_word' id='word_1_272' title='bbox 1404 3120 1481 3188; x_wconf 85' lang='lat' dir='ltr'>parte</span> 
     </span>
     <span class='ocr_line' id='line_1_28' title="bbox 313 3202 1482 3275; baseline 0 -15"><span class='ocrx_word' id='word_1_273' title='bbox 313 3204 491 3260; x_wconf 83' lang='lat' dir='ltr'>consentiunt</span> <span class='ocrx_word' id='word_1_274' title='bbox 509 3223 572 3259; x_wconf 85' lang='lat' dir='ltr'>cunr</span> <span class='ocrx_word' id='word_1_275' title='bbox 590 3205 681 3260; x_wconf 88' lang='lat' dir='ltr'>Diosc.</span> <span class='ocrx_word' id='word_1_276' title='bbox 702 3206 740 3259; x_wconf 93' lang='lat' dir='ltr'>Ill</span> <span class='ocrx_word' id='word_1_277' title='bbox 762 3212 820 3273; x_wconf 81' lang='grc'>162,</span> <span class='ocrx_word' id='word_1_278' title='bbox 840 3205 888 3259; x_wconf 93' lang='lat' dir='ltr'>ubi</span> <span class='ocrx_word' id='word_1_279' title='bbox 907 3202 941 3259; x_wconf 86' lang='lat' dir='ltr'>d&#39;e</span> <span class='ocrx_word' id='word_1_280' title='bbox 960 3223 1079 3274; x_wconf 82' lang='lat' dir='ltr'>ascyro</span> <span class='ocrx_word' id='word_1_281' title='bbox 1099 3206 1167 3275; x_wconf 87' lang='lat' dir='ltr'>agit,</span> <span class='ocrx_word' id='word_1_282' title='bbox 1182 3224 1246 3260; x_wconf 90' lang='lat' dir='ltr'>cum</span> <span class='ocrx_word' id='word_1_283' title='bbox 1259 3209 1354 3262; x_wconf 85' lang='lat' dir='ltr'>tamen</span> <span class='ocrx_word' id='word_1_284' title='bbox 1368 3209 1482 3262; x_wconf 87' lang='lat' dir='ltr'>herbam</span> 
     </span>
     <span class='ocr_line' id='line_1_29' title="bbox 311 3293 1480 3367; baseline 0.002 -19"><span class='ocrx_word' id='word_1_285' title='bbox 311 3293 423 3366; x_wconf 87' lang='lat' dir='ltr'>proprie</span> <span class='ocrx_word' id='word_1_286' title='bbox 438 3295 638 3349; x_wconf 90' lang='lat' dir='ltr'>androsaemon</span> <span class='ocrx_word' id='word_1_287' title='bbox 655 3293 759 3348; x_wconf 89' lang='lat' dir='ltr'>dictam</span> <span class='ocrx_word' id='word_1_288' title='bbox 774 3293 811 3346; x_wconf 91' lang='lat' dir='ltr'>ib.</span> <span class='ocrx_word' id='word_1_289' title='bbox 823 3300 872 3348; x_wconf 90' lang='grc'>163</span> <span class='ocrx_word' id='word_1_290' title='bbox 888 3294 1029 3350; x_wconf 88' lang='lat' dir='ltr'>describat</span> <span class='ocrx_word' id='word_1_291' title='bbox 1043 3296 1072 3350; x_wconf 81' lang='lat' dir='ltr'>el</span> <span class='ocrx_word' id='word_1_292' title='bbox 1086 3295 1196 3350; x_wconf 86' lang='lat' dir='ltr'>differre</span> <span class='ocrx_word' id='word_1_293' title='bbox 1212 3294 1288 3350; x_wconf 89' lang='lat' dir='ltr'>dicat</span> <span class='ocrx_word' id='word_1_294' title='bbox 1301 3297 1338 3351; x_wconf 88' lang='lat' dir='ltr'>ab</span> <span class='ocrx_word' id='word_1_295' title='bbox 1352 3296 1480 3367; x_wconf 89' lang='lat' dir='ltr'>hyperico</span> 
     </span>
     <span class='ocr_line' id='line_1_30' title="bbox 313 3382 1482 3452; baseline 0 -14"><span class='ocrx_word' id='word_1_296' title='bbox 313 3385 341 3438; x_wconf 92' lang='lat' dir='ltr'>et</span> <span class='ocrx_word' id='word_1_297' title='bbox 366 3401 470 3452; x_wconf 85' lang='lat' dir='ltr'>ascyro.</span> <span class='ocrx_word' id='word_1_298' title='bbox 498 3382 616 3452; x_wconf 86' lang='lat' dir='ltr'>denique</span> <span class='ocrx_word' id='word_1_299' title='bbox 642 3382 676 3436; x_wconf 92' lang='lat' dir='ltr'>do</span> <span class='ocrx_word' id='word_1_300' title='bbox 702 3383 896 3452; x_wconf 90' lang='lat' dir='ltr'>euphorbea</span> <span class='ocrx_word' id='word_1_301' title='bbox 921 3383 1051 3436; x_wconf 78' lang='lat' dir='ltr'>XXVII</span> <span class='ocrx_word' id='word_1_302' title='bbox 1071 3385 1185 3437; x_wconf 83' lang='lat' dir='ltr'>maltum</span> <span class='ocrx_word' id='word_1_303' title='bbox 1204 3386 1282 3452; x_wconf 84' lang='lat' dir='ltr'>r&#39;afra</span> <span class='ocrx_word' id='word_1_304' title='bbox 1300 3386 1372 3438; x_wconf 69' lang='lat' dir='ltr'>Isaac</span> <span class='ocrx_word' id='word_1_305' title='bbox 1389 3401 1482 3439; x_wconf 83' lang='lat' dir='ltr'>sacam</span> 
     </span>
     <span class='ocr_line' id='line_1_31' title="bbox 313 3470 1481 3541; baseline 0.001 -16"><span class='ocrx_word' id='word_1_306' title='bbox 313 3472 499 3540; x_wconf 86' lang='lat' dir='ltr'>(euphorbeae</span> <span class='ocrx_word' id='word_1_307' title='bbox 525 3470 645 3539; x_wconf 82' lang='lat' dir='ltr'>Africae)</span> <span class='ocrx_word' id='word_1_308' title='bbox 671 3477 709 3524; x_wconf 80' lang='lat' dir='ltr'>est</span> <span class='ocrx_word' id='word_1_309' title='bbox 733 3473 781 3540; x_wconf 71' lang='lat' dir='ltr'>qai</span> <span class='ocrx_word' id='word_1_310' title='bbox 806 3473 837 3524; x_wconf 84' lang='lat' dir='ltr'>r‘a</span> <span class='ocrx_word' id='word_1_311' title='bbox 863 3471 980 3525; x_wconf 83' lang='lat' dir='ltr'>Gallia</span> <span class='ocrx_word' id='word_1_312' title='bbox 1005 3473 1036 3538; x_wconf 79' lang='lat' dir='ltr'>fit</span> <span class='ocrx_word' id='word_1_313' title='bbox 1061 3489 1093 3524; x_wconf 82' lang='lat' dir='ltr'>ea</span> <span class='ocrx_word' id='word_1_314' title='bbox 1117 3474 1199 3526; x_wconf 80' lang='lat' dir='ltr'>herba</span> <span class='ocrx_word' id='word_1_315' title='bbox 1218 3475 1417 3541; x_wconf 73' lang='lat' dir='ltr'>chamelaea,</span> <span class='ocrx_word' id='word_1_316' title='bbox 1434 3473 1481 3527; x_wconf 92' lang='lat' dir='ltr'>ubi</span> 
     </span>
     <span class='ocr_line' id='line_1_32' title="bbox 312 3558 1480 3629; baseline 0.001 -16"><span class='ocrx_word' id='word_1_317' title='bbox 312 3559 409 3614; x_wconf 87' lang='lat' dir='ltr'>Italiae</span> <span class='ocrx_word' id='word_1_318' title='bbox 435 3561 529 3629; x_wconf 78' lang='lat' dir='ltr'>partes</span> <span class='ocrx_word' id='word_1_319' title='bbox 548 3558 656 3614; x_wconf 85' lang='lat' dir='ltr'>Galliae</span> <span class='ocrx_word' id='word_1_320' title='bbox 680 3558 839 3614; x_wconf 84' lang='lat' dir='ltr'>adiacentes</span> <span class='ocrx_word' id='word_1_321' title='bbox 857 3559 1062 3629; x_wconf 84' lang='lat' dir='ltr'>intellegendas</span> <span class='ocrx_word' id='word_1_322' title='bbox 1081 3578 1141 3614; x_wconf 85' lang='lat' dir='ltr'>esse</span> <span class='ocrx_word' id='word_1_323' title='bbox 1161 3561 1247 3616; x_wconf 82' lang='lat' dir='ltr'>etiam</span> <span class='ocrx_word' id='word_1_324' title='bbox 1265 3561 1424 3618; x_wconf 87' lang='lat' dir='ltr'>Harduinus</span> <span class='ocrx_word' id='word_1_325' title='bbox 1442 3562 1480 3615; x_wconf 89' lang='lat' dir='ltr'>in-</span> 
     </span>
     <span class='ocr_line' id='line_1_33' title="bbox 313 3648 1482 3720; baseline 0.002 -18"><span class='ocrx_word' id='word_1_326' title='bbox 313 3648 424 3704; x_wconf 86' lang='lat' dir='ltr'>dicavit.</span> <span class='ocrx_word' id='word_1_327' title='bbox 461 3648 636 3703; x_wconf 87' lang='lat' dir='ltr'>Dioscorides</span> <span class='ocrx_word' id='word_1_328' title='bbox 662 3651 756 3703; x_wconf 85' lang='lat' dir='ltr'>autem</span> <span class='ocrx_word' id='word_1_329' title='bbox 775 3666 865 3718; x_wconf 88' lang='lat' dir='ltr'>neque</span> <span class='ocrx_word' id='word_1_330' title='bbox 884 3649 918 3703; x_wconf 89' lang='lat' dir='ltr'>de</span> <span class='ocrx_word' id='word_1_331' title='bbox 937 3649 1106 3717; x_wconf 80' lang='lat' dir='ltr'>chamelaea,</span> <span class='ocrx_word' id='word_1_332' title='bbox 1125 3649 1174 3704; x_wconf 92' lang='lat' dir='ltr'>ubi</span> <span class='ocrx_word' id='word_1_333' title='bbox 1193 3650 1226 3704; x_wconf 88' lang='lat' dir='ltr'>de</span> <span class='ocrx_word' id='word_1_334' title='bbox 1246 3651 1406 3720; x_wconf 88' lang='lat' dir='ltr'>euphorbea</span> <span class='ocrx_word' id='word_1_335' title='bbox 1424 3650 1482 3720; x_wconf 84' lang='lat' dir='ltr'>agit</span> 
     </span>
     <span class='ocr_line' id='line_1_34' title="bbox 313 3737 1481 3808; baseline 0 -16"><span class='ocrx_word' id='word_1_336' title='bbox 313 3739 363 3806; x_wconf 87' lang='lat' dir='ltr'>(III</span> <span class='ocrx_word' id='word_1_337' title='bbox 388 3740 440 3808; x_wconf 83' lang='lat'>86),</span> <span class='ocrx_word' id='word_1_338' title='bbox 466 3754 555 3806; x_wconf 87' lang='lat' dir='ltr'>neque</span> <span class='ocrx_word' id='word_1_339' title='bbox 581 3738 616 3792; x_wconf 89' lang='lat' dir='ltr'>de</span> <span class='ocrx_word' id='word_1_340' title='bbox 641 3738 810 3808; x_wconf 87' lang='lat' dir='ltr'>euphorbea,</span> <span class='ocrx_word' id='word_1_341' title='bbox 836 3737 885 3792; x_wconf 91' lang='lat' dir='ltr'>ubi</span> <span class='ocrx_word' id='word_1_342' title='bbox 908 3738 941 3792; x_wconf 88' lang='lat' dir='ltr'>de</span> <span class='ocrx_word' id='word_1_343' title='bbox 961 3738 1123 3794; x_wconf 87' lang='lat' dir='ltr'>chamelaea</span> <span class='ocrx_word' id='word_1_344' title='bbox 1141 3739 1190 3807; x_wconf 82' lang='lat' dir='ltr'>(IV</span> <span class='ocrx_word' id='word_1_345' title='bbox 1211 3741 1280 3808; x_wconf 83' lang='grc'>169),</span> <span class='ocrx_word' id='word_1_346' title='bbox 1299 3741 1386 3794; x_wconf 90' lang='lat' dir='ltr'>ullam</span> <span class='ocrx_word' id='word_1_347' title='bbox 1404 3739 1481 3794; x_wconf 84' lang='lat' dir='ltr'>inicit</span> 
     </span>
     <span class='ocr_line' id='line_1_35' title="bbox 313 3821 1478 3900; baseline 0 -18"><span class='ocrx_word' id='word_1_348' title='bbox 313 3826 490 3883; x_wconf 88' lang='lat' dir='ltr'>mentionem.</span> <span class='ocrx_word' id='word_1_349' title='bbox 517 3825 583 3882; x_wconf 89' lang='lat' dir='ltr'>hinc</span> <span class='ocrx_word' id='word_1_350' title='bbox 608 3827 687 3896; x_wconf 84' lang='lat' dir='ltr'>patet</span> <span class='ocrx_word' id='word_1_351' title='bbox 710 3826 833 3882; x_wconf 87' lang='lat' dir='ltr'>Plinium</span> <span class='ocrx_word' id='word_1_352' title='bbox 858 3826 923 3882; x_wconf 87' lang='lat' dir='ltr'>illos</span> <span class='ocrx_word' id='word_1_353' title='bbox 941 3827 1018 3882; x_wconf 88' lang='lat' dir='ltr'>locos</span> <span class='ocrx_word' id='word_1_354' title='bbox 1038 3845 1053 3882; x_wconf 89' lang='lat' dir='ltr'>e</span> <span class='ocrx_word' id='word_1_355' title='bbox 1073 3827 1166 3883; x_wconf 83' lang='lat' dir='ltr'>Sextio</span> <span class='ocrx_word' id='word_1_356' title='bbox 1185 3827 1272 3899; x_wconf 87' lang='lat' dir='ltr'>Nigro</span> <span class='ocrx_word' id='word_1_357' title='bbox 1293 3847 1342 3882; x_wconf 90' lang='lat' dir='ltr'>suo</span> <span class='ocrx_word' id='word_1_358' title='bbox 1360 3821 1478 3900; x_wconf 82' lang='lat' dir='ltr'>petiisse,</span> 
     </span>
     <span class='ocr_line' id='line_1_36' title="bbox 312 3915 1478 3986; baseline 0.001 -16"><span class='ocrx_word' id='word_1_359' title='bbox 312 3918 460 3985; x_wconf 85' lang='lat' dir='ltr'>utrumque</span> <span class='ocrx_word' id='word_1_360' title='bbox 488 3916 581 3970; x_wconf 88' lang='lat' dir='ltr'>autem</span> <span class='ocrx_word' id='word_1_361' title='bbox 605 3915 724 3985; x_wconf 81' lang='lat' dir='ltr'>Nigrum</span> <span class='ocrx_word' id='word_1_362' title='bbox 751 3934 837 3969; x_wconf 92' lang='lat' dir='ltr'>unum</span> <span class='ocrx_word' id='word_1_363' title='bbox 865 3916 1037 3986; x_wconf 88' lang='lat' dir='ltr'>eundemque</span> <span class='ocrx_word' id='word_1_364' title='bbox 1066 3934 1134 3984; x_wconf 87' lang='lat' dir='ltr'>esse,</span> <span class='ocrx_word' id='word_1_365' title='bbox 1160 3934 1277 3986; x_wconf 89' lang='lat' dir='ltr'>cumque</span> <span class='ocrx_word' id='word_1_366' title='bbox 1304 3935 1360 3971; x_wconf 91' lang='lat' dir='ltr'>non</span> <span class='ocrx_word' id='word_1_367' title='bbox 1382 3917 1478 3972; x_wconf 86' lang='lat' dir='ltr'>herba-</span> 
     </span>
     <span class='ocr_line' id='line_1_37' title="bbox 312 4002 1478 4075; baseline 0 -17"><span class='ocrx_word' id='word_1_368' title='bbox 312 4003 378 4072; x_wconf 86' lang='lat' dir='ltr'>riae,</span> <span class='ocrx_word' id='word_1_369' title='bbox 404 4005 453 4059; x_wconf 90' lang='lat' dir='ltr'>sed</span> <span class='ocrx_word' id='word_1_370' title='bbox 478 4003 632 4059; x_wconf 84' lang='lat' dir='ltr'>medicInae</span> <span class='ocrx_word' id='word_1_371' title='bbox 652 4002 769 4058; x_wconf 88' lang='lat' dir='ltr'>nomine</span> <span class='ocrx_word' id='word_1_372' title='bbox 795 4022 812 4058; x_wconf 88' lang='lat' dir='ltr'>a</span> <span class='ocrx_word' id='word_1_373' title='bbox 836 4003 999 4060; x_wconf 86' lang='lat' dir='ltr'>Dioscorida</span> <span class='ocrx_word' id='word_1_374' title='bbox 1024 4004 1208 4075; x_wconf 79' lang='lat' dir='ltr'>vituperetur,</span> <span class='ocrx_word' id='word_1_375' title='bbox 1233 4005 1280 4060; x_wconf 90' lang='lat' dir='ltr'>hic</span> <span class='ocrx_word' id='word_1_376' title='bbox 1304 4005 1334 4058; x_wconf 90' lang='lat' dir='ltr'>in</span> <span class='ocrx_word' id='word_1_377' title='bbox 1353 4005 1394 4060; x_wconf 88' lang='lat' dir='ltr'>eis</span> <span class='ocrx_word' id='word_1_378' title='bbox 1412 4005 1478 4060; x_wconf 88' lang='lat' dir='ltr'>loeis</span> 
     </span>
     <span class='ocr_line' id='line_1_38' title="bbox 313 4091 1477 4164; baseline 0.001 -16"><span class='ocrx_word' id='word_1_379' title='bbox 313 4093 405 4162; x_wconf 89' lang='lat' dir='ltr'>operis</span> <span class='ocrx_word' id='word_1_380' title='bbox 425 4092 468 4147; x_wconf 89' lang='lat' dir='ltr'>sui</span> <span class='ocrx_word' id='word_1_381' title='bbox 485 4092 533 4160; x_wconf 90' lang='lat' dir='ltr'>qui</span> <span class='ocrx_word' id='word_1_382' title='bbox 552 4093 617 4148; x_wconf 90' lang='lat' dir='ltr'>sunt</span> <span class='ocrx_word' id='word_1_383' title='bbox 635 4092 669 4147; x_wconf 89' lang='lat' dir='ltr'>de</span> <span class='ocrx_word' id='word_1_384' title='bbox 688 4091 833 4148; x_wconf 86' lang='lat' dir='ltr'>arboribus</span> <span class='ocrx_word' id='word_1_385' title='bbox 852 4093 882 4148; x_wconf 86' lang='lat' dir='ltr'>et</span> <span class='ocrx_word' id='word_1_386' title='bbox 899 4092 994 4148; x_wconf 84' lang='lat' dir='ltr'>herbis</span> <span class='ocrx_word' id='word_1_387' title='bbox 1012 4095 1152 4164; x_wconf 84' lang='lat' dir='ltr'>permulta</span> <span class='ocrx_word' id='word_1_388' title='bbox 1171 4112 1204 4149; x_wconf 84' lang='lat' dir='ltr'>ex</span> <span class='ocrx_word' id='word_1_389' title='bbox 1225 4094 1276 4150; x_wconf 92' lang='lat' dir='ltr'>illo</span> <span class='ocrx_word' id='word_1_390' title='bbox 1296 4094 1477 4164; x_wconf 87' lang='lat' dir='ltr'>desumpsisse</span> 
     </span>
     <span class='ocr_line' id='line_1_39' title="bbox 312 4181 1478 4252; baseline 0 -16"><span class='ocrx_word' id='word_1_391' title='bbox 312 4181 451 4252; x_wconf 85' lang='lat' dir='ltr'>putandus</span> <span class='ocrx_word' id='word_1_392' title='bbox 470 4183 520 4236; x_wconf 86' lang='lat' dir='ltr'>est.</span> <span class='ocrx_word' id='word_1_393' title='bbox 540 4199 608 4250; x_wconf 78' lang='lat' dir='ltr'>quar</span> <span class='ocrx_word' id='word_1_394' title='bbox 628 4183 664 4237; x_wconf 92' lang='lat' dir='ltr'>ob</span> <span class='ocrx_word' id='word_1_395' title='bbox 683 4198 780 4237; x_wconf 88' lang='lat' dir='ltr'>causas</span> <span class='ocrx_word' id='word_1_396' title='bbox 798 4181 943 4252; x_wconf 85' lang='lat' dir='ltr'>aptissime</span> <span class='ocrx_word' id='word_1_397' title='bbox 956 4181 998 4236; x_wconf 91' lang='lat' dir='ltr'>ita</span> <span class='ocrx_word' id='word_1_398' title='bbox 1012 4182 1213 4252; x_wconf 64' lang='lat' dir='ltr'>adplicabimus</span> <span class='ocrx_word' id='word_1_399' title='bbox 1225 4181 1478 4252; x_wconf 85' lang='lat' dir='ltr'>frequentissimum</span> 
     </span>
     <span class='ocr_line' id='line_1_40' title="bbox 312 4269 1477 4342; baseline 0.002 -18"><span class='ocrx_word' id='word_1_400' title='bbox 312 4269 482 4326; x_wconf 88' lang='lat' dir='ltr'>Dioscoridis</span> <span class='ocrx_word' id='word_1_401' title='bbox 509 4271 537 4325; x_wconf 88' lang='lat' dir='ltr'>et</span> <span class='ocrx_word' id='word_1_402' title='bbox 554 4270 640 4326; x_wconf 90' lang='lat' dir='ltr'>Plinii</span> <span class='ocrx_word' id='word_1_403' title='bbox 658 4288 832 4338; x_wconf 89' lang='lat' dir='ltr'>consensum,</span> <span class='ocrx_word' id='word_1_404' title='bbox 850 4272 883 4326; x_wconf 88' lang='lat' dir='ltr'>ut</span> <span class='ocrx_word' id='word_1_405' title='bbox 901 4271 938 4326; x_wconf 89' lang='lat' dir='ltr'>ad</span> <span class='ocrx_word' id='word_1_406' title='bbox 957 4271 1081 4327; x_wconf 83' lang='lat' dir='ltr'>Sextium</span> <span class='ocrx_word' id='word_1_407' title='bbox 1099 4271 1220 4342; x_wconf 85' lang='lat' dir='ltr'>Nigrum</span> <span class='ocrx_word' id='word_1_408' title='bbox 1238 4289 1303 4328; x_wconf 88' lang='lat' dir='ltr'>eum</span> <span class='ocrx_word' id='word_1_409' title='bbox 1320 4272 1477 4327; x_wconf 87' lang='lat' dir='ltr'>referamus.</span> 
     </span>
     <span class='ocr_line' id='line_1_41' title="bbox 314 4359 1319 4432; baseline 0.002 -18"><span class='ocrx_word' id='word_1_410' title='bbox 314 4359 361 4415; x_wconf 87' lang='lat' dir='ltr'>cfr.</span> <span class='ocrx_word' id='word_1_411' title='bbox 380 4360 526 4430; x_wconf 87' lang='lat' dir='ltr'>praeterea</span> <span class='ocrx_word' id='word_1_412' title='bbox 544 4360 576 4415; x_wconf 79' lang='lat' dir='ltr'>A.</span> <span class='ocrx_word' id='word_1_413' title='bbox 595 4359 703 4416; x_wconf 86' lang='lat' dir='ltr'>Felsius</span> <span class='ocrx_word' id='word_1_414' title='bbox 723 4360 756 4416; x_wconf 91' lang='lat' dir='ltr'>de</span> <span class='ocrx_word' id='word_1_415' title='bbox 777 4361 856 4417; x_wconf 90' lang='lat' dir='ltr'>codd.</span> <span class='ocrx_word' id='word_1_416' title='bbox 871 4361 927 4416; x_wconf 81' lang='lat' dir='ltr'>ant.</span> <span class='ocrx_word' id='word_1_417' title='bbox 943 4362 1047 4417; x_wconf 84' lang='lat' dir='ltr'>auctor.</span> <span class='ocrx_word' id='word_1_418' title='bbox 1064 4361 1117 4417; x_wconf 83' lang='lat' dir='ltr'>cet.</span> <span class='ocrx_word' id='word_1_419' title='bbox 1132 4379 1159 4432; x_wconf 85' lang='lat' dir='ltr'>p.</span> <span class='ocrx_word' id='word_1_420' title='bbox 1175 4367 1208 4420; x_wconf 84' lang='lat'>50</span> <span class='ocrx_word' id='word_1_421' title='bbox 1222 4363 1280 4418; x_wconf 88' lang='lat' dir='ltr'>not.</span> <span class='ocrx_word' id='word_1_422' title='bbox 1297 4368 1319 4416; x_wconf 87' lang='lat'>1.</span> 
     </span>
    </p>
   </div>
   <div class='ocr_carea' id='block_1_3' title="bbox 0 0 1616 5088">
    <p class='ocr_par' dir='ltr' id='par_1_3' title="bbox 0 0 1616 5088">
     <span class='ocr_line' id='line_1_42' title="bbox 0 0 1616 5088; baseline 0 0"><span class='ocrx_word' id='word_1_423' title='bbox 0 0 1616 5088; x_wconf 95' lang='lat' dir='ltr'> </span> 
     </span>
    </p>
   </div>
  </div>
 </body>
</html>
