3212 5088
790 330 904 426 .-.Ψ
935 421 946 426 -

283 526 382 610 eadit,
406 525 461 609 qui
484 525 560 589 hist.
584 525 681 589 anim.
704 523 750 588 VI
770 525 810 588 21
836 546 866 607 p.
890 523 956 588 575
974 522 1012 608 B,
1042 524 1062 587 s
1086 524 1182 607 plane
1206 523 1317 588 eadem
1341 523 1455 587 tradit:

282 635 319 698 τὸ
339 634 374 696 δὲ
398 631 491 710 γάλα,
514 631 596 696 ὅταν
621 635 703 715 τέκῃ,
727 634 878 711 χρήειμον
901 631 1030 707 γίνεται·
1055 630 1232 710 ἔμπροεθεν
1256 629 1284 693 δ’
1307 631 1366 694 οὐκ
1389 629 1455 708 ἔχει

281 739 379 816 γάλα,
406 740 444 802 τὸ
472 741 507 802 δὲ
536 741 668 818 πρῶτον
695 738 867 816 γινόμενον
894 738 979 814 γάλα
1002 737 1083 802 ὅταν
1106 745 1201 822 παγῇ,
1226 738 1312 801 οὕτω
1334 737 1455 814 γίνεται

282 847 418 925 (κληρὸν
437 845 563 925 ὥςπερ
584 846 698 910 λίθος·
718 846 869 909 τοῦτοδὲ
890 845 1058 924 (υμβαίνει,
1078 845 1136 908 ἐὰν
1155 847 1195 923 μή
1210 865 1256 908 τι(
1271 845 1340 927 step
1356 844 1454 922 ὕδατι,

282 973 377 1034 quem
401 951 530 1036 quidem
553 951 695 1034 lapidem
715 951 800 1034 quod
818 949 944 1014 Plinius
963 951 1198 1034 interpretatus
1218 953 1269 1014 est
1285 950 1454 1034 pumicem,

282 1081 348 1123 non
371 1057 544 1122 mirabitur
568 1059 622 1141 qui
645 1058 763 1142 legerit
785 1055 928 1122 XXVIII
955 1057 1016 1121 123
1041 1057 1171 1122 colostra
1187 1058 1297 1142 prium
1318 1077 1340 1121 o
1358 1062 1454 1140 portu

281 1186 439 1248 spoupeo
462 1166 597 1229 domitos
621 1166 709 1229 luetis
732 1167 764 1228 et
787 1163 926 1228 XXXVI
956 1165 1018 1228 155
1032 1165 1174 1245 protetio
1194 1151 1373 1250 (pumicum
1392 1163 1453 1249 est)

212 1315 216 1320 -
281 1277 382 1335 ...ut
407 1293 502 1354 quom
531 1273 666 1336 mouime
692 1272 887 1353 spoupeosi
914 1271 1056 1352 aridique
1077 1272 1141 1334 siut
1163 1275 1195 1334 et
1218 1269 1358 1334 Plinium
1381 1293 1453 1334 con-

282 1378 472 1442 sideraverit
501 1401 633 1441 narrare
666 1375 822 1463 (XXVIII
856 1377 919 1440 247
953 1377 1025 1440 coll.
1057 1375 1104 1439 XI
1133 1373 1213 1461 203)
1237 1377 1398 1460 pumicem
1421 1379 1454 1441 in

281 1506 453 1548 vaccarum
468 1487 561 1550 utero
572 1484 718 1548 inveniri.
733 1483 790 1547 etr.
801 1484 899 1547 etiam
910 1482 1031 1547 XXXV
1046 1485 1106 1547 187
1118 1484 1226 1547 melius
1236 1481 1381 1569 (alumen
1391 1484 1453 1571 est)

275 1592 509 1672 pumicosum
531 1596 560 1654 et
579 1591 772 1670 foromimuu
794 1591 908 1672 fistulis
930 1610 1108 1672 spoupeoe
1130 1591 1239 1654 simite.
1262 1588 1384 1653 XXXII
1411 1593 1452 1656 86

280 1702 426 1770 qrmrtum
450 1697 566 1782 (genus
591 1695 751 1781 alcyonei)
770 1698 1014 1778 purm'eosr'us,
1036 1718 1217 1779 spoupeue
1234 1699 1325 1780 mitri
1347 1699 1454 1764 simite.

370 1804 459 1880 Quae
483 1803 522 1866 de
546 1803 657 1886 apium
680 1804 888 1888 generatione
912 1801 1076 1866 refertXI
1098 1804 1350 1886 sepulcrocrum
1367 1805 1453 1869 modo

282 1912 436 1976 emmor.
464 1911 499 1974 id
526 1911 607 1991 quod
633 1911 787 1975 exclusum
810 1915 853 1974 est
869 1910 975 1992 primo
998 1910 1180 1974 vermiculus
1209 1912 1328 1976 videtur
1350 1913 1454 1976 euodi-

282 2022 402 2085 dus...
425 2038 480 2081 rer
501 2017 607 2080 stetim
630 2017 730 2080 mellei
752 2017 862 2106 coloris
877 2066 883 2080 .
899 2066 927 2079 ..
951 2037 1045 2097 oeque
1067 2017 1258 2094 vermiculus,
1280 2019 1334 2082 sed
1349 2018 1454 2082 metm

277 2126 442 2210 mamper,
472 2145 510 2186 ea
541 2121 649 2187 omnia
680 2122 804 2186 Plinius
833 2145 871 2186 ex
902 2121 1091 2186 Aristotelis
1119 2122 1195 2186 hist.
1223 2123 1321 2188 anim.
1349 2122 1453 2208 Vm,

280 2256 312 2316 p.
336 2231 402 2296 554
426 2228 465 2314 Α,
491 2230 619 2294 18-28
645 2217 833 2313 desumpsit,
857 2229 913 2293 sed
937 2251 1018 2312 quae
1037 2229 1161 2292 addidit
1181 2231 1340 2294 extrema:
1359 2235 1454 2295 cetero

283 2338 373 2403 uerbo
404 2358 473 2402 cum
503 2336 639 2416 formam
671 2357 776 2418 cupere
805 2336 911 2419 coepit,
941 2334 1093 2418 upmphoc
1124 2341 1284 2420 romutur,
1316 2341 1352 2399 ut
1380 2337 1453 2421 fuci,

281 2447 395 2510 sireues
417 2448 474 2506 uret
494 2441 643 2526 cepheum,
664 2464 731 2505 non
753 2442 832 2504 item
855 2441 1060 2524 reperiuntur
1083 2441 1196 2505 eedem
1218 2443 1299 2506 loce.
1324 2444 1454 2508 sedeur

282 2548 430 2616 sireues?
453 2570 530 2610 nam
554 2547 680 2611 codices
705 2569 816 2610 omnes
835 2569 967 2630 serenes,
985 2547 1050 2610 nisi
1070 2547 1156 2632 quod
1172 2547 1195 2632 d
1212 2547 1313 2612 habet
1328 2549 1452 2629 ferreres,

282 2660 386 2720 etvex
397 2657 447 2718 est
457 2653 614 2736 solitaria,
629 2676 710 2736 quae
725 2657 854 2736 praeter
867 2654 952 2717 hunc
965 2655 1072 2718 locum
1097 2675 1199 2738 neque
1219 2654 1452 2739 apudPlinium

282 2784 384 2845 neque
396 2760 482 2843 apud
491 2761 594 2824 ullum
604 2759 795 2842 scriptorem
805 2758 958 2824 Latinum
968 2760 1160 2824 inveniatur.
1177 2759 1334 2825 Graecum
1346 2764 1452 2826 autem

281 2890 399 2932 nomen
423 2890 495 2931 cum
520 2867 563 2929 sit
587 2873 734 2945 (ειρῆνεε,
757 2867 847 2930 nulla
871 2870 921 2931 est
943 2867 978 2930 in
1000 2889 1016 2931 e
1038 2867 1144 2932 vocali
1168 2867 1317 2932 offensio:
1344 2869 1452 2953 itaque

281 2973 362 3038 mihi
377 2973 556 3038 consultius
572 2973 699 3037 videtur
712 2973 870 3037 librorum
892 2972 1086 3056 scripturam
1100 2974 1248 3058 retinere,
1261 2975 1453 3058 praesertim

283 3104 355 3145 eum
387 3081 547 3144 incertum
577 3080 629 3162 sit,
662 3101 704 3142 an
735 3079 859 3143 Plinius
886 3080 967 3144 haee
998 3081 1123 3145 insecta
1155 3105 1174 3143 a
1205 3080 1364 3146 fabulosis
1387 3081 1452 3145 illis

283 3187 450 3252 Sirenibus
477 3187 550 3269 ipso
579 3187 709 3250 nomine
736 3185 916 3251 discernere
943 3187 1092 3270 voluerit,
1120 3190 1152 3251 et
1182 3187 1209 3251 si
1236 3187 1362 3251 librarii
1386 3210 1452 3250 mu-

282 3297 417 3377 tassent,
445 3293 645 3358 contrarium
676 3293 821 3376 profecto
856 3294 924 3356 veri
955 3294 1094 3358 similius
1127 3297 1222 3377 esset,
1248 3294 1453 3358 notissimam

281 3401 390 3484 potius
419 3399 558 3464 formam
586 3400 699 3464 sirenes
729 3399 941 3463 substitutam
969 3423 1039 3463 esse
1070 3423 1129 3483 pro
1157 3400 1334 3486 incognita,
1358 3422 1454 3484 quam

281 3530 366 3571 nunc
389 3507 538 3591 legimus.
562 3508 704 3570 ceterum
723 3505 799 3590 quid
819 3509 894 3569 sunt
912 3507 1062 3571 serenes?
1081 3506 1146 3572 fuci
1165 3530 1207 3572 an
1225 3507 1348 3571 insecta
1368 3506 1453 3570 alia?

282 3615 367 3678 inest
389 3613 424 3677 in
447 3613 508 3678 hoc
531 3614 603 3678 loco
627 3612 811 3697 difficultas,
830 3635 926 3696 quam
945 3635 1008 3696 qua
1027 3613 1294 3697 interpretatione
1314 3613 1452 3678 editores

282 3913 483 3968 Wimmerus
503 3912 589 3982 (Lips.
610 3931 633 3967 a.
655 3915 736 3982 1868)·
754 3912 914 3968 Aristotelis
932 3915 1019 3969 verba
1038 3915 1169 3983 corrupta
1183 3913 1312 3968 arbitrati
1325 3913 1355 3968 in
1369 3913 1453 3968 adno-

281 4001 435 4058 tationibus
464 4001 651 4056 coniecturam
679 4005 885 4072 proposuerunt
911 4005 997 4058 hanc:
1020 4005 1054 4057 τὸ
1078 4005 1183 4070 οὖθαρ
1207 4003 1312 4068 γίνεται
1336 4005 1453 4070 (κληρὸν

282 4094 372 4158 ὥςπερ
395 4091 476 4145 λίθοε·
500 4097 586 4144 τοῦτο
611 4093 640 4144 δὲ
664 4092 811 4159 (υμβαλνει,
835 4093 884 4144 ἐὰν
907 4094 944 4159 μή
967 4110 1008 4146 τι(
1030 4092 1111 4160 vitup
1131 4095 1219 4146 ὕδατι.
1239 4093 1313 4162 apud
1332 4091 1454 4145 Plinium

281 4181 376 4234 autem
398 4197 449 4250 pro
468 4181 570 4249 primo,
594 4179 669 4247 quod
692 4198 755 4234 cum
773 4186 863 4248 partu
885 4181 960 4235 recte
987 4179 1120 4250 coniungi
1141 4180 1188 4234 vix
1209 4180 1312 4250 possit,
1335 4180 1453 4234 fortasse

280 4269 431 4340 legendum
450 4268 503 4322 erit
517 4269 634 4336 primae,
653 4268 686 4322 ut
699 4269 816 4323 XXVIII
833 4275 891 4335 123,
907 4270 938 4323 et
950 4269 1025 4338 apud
1039 4268 1220 4324 Aristotelem
1236 4269 1279 4324 est
1292 4271 1325 4324 τὸ
1339 4274 1453 4338 πρῶτον

281 4357 428 4424 γινόμενον
446 4358 526 4422 γάλα.
557 4375 560 4382 ·
