3212 5088
584 374 742 472 Q

76 559 182 636 cando.
237 571 309 636 dedi
338 571 530 654 scripturam
558 571 728 634 meliorum
756 569 901 633 eodieum
929 567 1051 652 RDFa,
1080 589 1177 652 quam
1205 588 1252 630 re·
1351 603 1354 610 ,

77 678 246 742 timendam
265 699 335 754 esse
360 697 473 741 censeo
498 677 652 742 et·verba
672 679 840 759 ptumorum
857 677 992 759 piscium
1015 696 1074 758 pro
1094 674 1254 758 genetivis

76 785 293 867 possessionis
316 784 480 869 habenda,
502 787 539 848 ut
563 784 607 848 sit
630 785 751 848 umiccoi
773 784 971 867 epiduarum
987 783 1122 865 piscium
1137 801 1252 865 penem.

75 891 201 973 priores
230 891 369 956 editores
399 913 436 956 ex
470 890 682 956 deterioribus
719 890 812 954 libris
842 892 1031 974 receperant
1058 889 1253 971 ammutium,

75 996 283 1063 Detlefsenus
299 1020 338 1062 ex
361 1017 398 1061 eo
414 998 452 1061 de
476 998 659 1062 coniectura
673 999 751 1062 feeit
772 999 982 1083 parenthesin
995 997 1116 1062 animai
1129 998 1175 1075 id,
1198 995 1253 1060 sed

76 1105 273 1168 sententiam
296 1105 398 1170 nihilo
414 1105 523 1189 magis
542 1105 741 1169 illustratam
756 1108 788 1170 et
803 1107 1011 1188 explanatam
1025 1105 1131 1170 video:
1155 1125 1253 1188 quare

75 1213 181 1275 satius
201 1212 281 1275 duco
305 1211 455 1276 meliores
484 1212 584 1276 libros
615 1213 720 1297 sequi,
748 1234 885 1295 quorum
914 1213 1077 1296 scriptura
1105 1233 1172 1275 non
1200 1211 1253 1274 ad-

75 1321 224 1382 versetur
247 1319 470 1383 consuetudini
492 1318 599 1383 Plinii.
630 1355 669 1364 —
704 1317 863 1383 Ultimum
901 1318 1035 1402 denique
1071 1316 1253 1400 exemplum

75 1424 221 1507 genetivi
250 1427 300 1490 est
327 1425 357 1490 X
388 1425 448 1488 127
478 1420 532 1512 (de
559 1423 738 1490 Diomediis
767 1423 909 1512 aribus):
945 1445 1008 1489 uiuo
1035 1424 1092 1488 bue
1127 1425 1162 1487 im
1193 1425 1253 1487 loco

75 1533 171 1596 totius
193 1532 275 1597 orbis
297 1534 454 1617 uisuntur,
476 1535 511 1597 m
533 1534 640 1598 insula
661 1553 755 1614 quum
778 1533 915 1597 diximus
937 1531 1068 1596 mobilem
1091 1530 1255 1595 Diomedis

74 1640 195 1704 tumulo
224 1645 314 1722 atque
341 1641 476 1718 delubro,
504 1645 611 1704 comm
637 1641 773 1720 Apiciiae
799 1659 900 1722 crum,
930 1639 1101 1719 fulicarum
1127 1627 1265 1703 similes(

72 1747 210 1811 odoenus
243 1747 389 1812 barbaros
417 1749 558 1830 clumpore
583 1747 746 1828 infestum,
780 1745 909 1809 Graccis
936 1751 1056 1810 tamtum
1084 1745 1255 1810 adulantur

73 1854 157 1916 cuim
179 1854 364 1920 discrimine.
409 1854 463 1917 hic
487 1875 612 1938 quoque
635 1855 725 1917 loeus
755 1852 984 1938 gravissimam
1006 1856 1116 1919 movet
1141 1851 1253 1936 depra-

72 1957 219 2023 vationis
244 1961 469 2045 suspicionem,
489 1964 588 2044 eerte,
612 1961 640 2024 si
664 1959 772 2024 verbis
793 1958 990 2044 fulicarum
1012 1961 1127 2026 similes
1149 1960 1254 2044 figura

73 2066 187 2129 avium
201 2068 454 2156 significaretur,
478 2067 711 2130 sententiarum
736 2065 813 2129 ordo
837 2067 979 2148 pessime
1002 2069 1153 2132 turbatus
1168 2070 1254 2130 esset

72 2173 244 2256 multoque
273 2154 383 2257 aptius¹
408 2174 465 2238 illa
494 2174 528 2237 in
556 2176 575 2253 ἓ
606 2173 667 2237 12ss
696 2176 999 2257 transponerentur,
1037 2174 1132 2238 sicuti
1169 2173 1254 2257 apud

72 2276 224 2344 Solinum
239 2281 273 2364 2,
287 2281 331 2345 45
354 2280 434 2346 haec
456 2281 609 2364 leguntur
624 2279 837 2344 continuata(
851 2280 956 2360 formu
979 2280 1044 2344 illis
1054 2301 1154 2362 paese
1176 2302 1254 2360 quac

69 2385 195 2464 salicis,
219 2387 299 2452 color
321 2389 484 2470 condidus,
509 2389 589 2470 ipuci
612 2388 703 2464 oculi,
727 2406 783 2451 om
806 2389 938 2451 deliram.
972 2388 1027 2451 sed
1050 2386 1252 2469 probabilius

72 2492 160 2554 mihi
184 2497 233 2557 est
254 2495 321 2558 iam
335 2498 410 2559 ante
426 2492 528 2559 Solini
544 2497 683 2558 aetatem
706 2493 822 2558 similes
835 2492 953 2556 vitiose
973 2494 1130 2578 scriptum
1153 2493 1252 2558 fuisse

71 2620 138 2679 pro
161 2599 259 2664 simili
281 2603 329 2664 ita
352 2601 523 2665 coniuncto
548 2621 620 2664 eum
644 2600 751 2664 verbis
774 2600 1032 2685 insequentibus,
1064 2603 1101 2664 ut
1123 2599 1252 2665 Diome-

71 2705 205 2768 diarum
229 2706 337 2770 avium
353 2708 486 2791 clangor
501 2706 615 2770 similis
640 2707 799 2770 diceretur
819 2729 889 2770 esse
904 2707 1050 2792 clangori
1073 2707 1253 2792 fulicarum,

71 2812 115 2874 de
141 2834 203 2895 quo
228 2813 284 2877 cfr.
307 2812 510 2878 XV111361.
535 2816 631 2897 atque
654 2813 733 2878 haec
757 2812 886 2895 quidem
909 2813 1065 2878 haetenus
1089 2815 1127 2878 de
1152 2817 1252 2878 struc-

75 2921 157 2981 tura
181 2919 331 2984 adieetivi
355 2921 440 3002 quod
463 2924 514 2985 est
536 2921 657 2985 similis.

166 3023 276 3090 Nimia
298 3025 458 3107 patientia
472 3027 617 3089 tulenmt
632 3026 786 3110 editores,
811 3026 895 3109 quod
910 3030 1023 3091 eontra
1037 3027 1181 3092 omniurn
1195 3028 1252 3092 bo-

69 3153 194 3196 norum
208 3130 355 3196 codicum
369 3132 613 3197 consensionem
629 3133 798 3218 vulgatum
823 3136 873 3196 est
895 3133 974 3198 XIV
991 3135 1066 3218 130,
1089 3155 1166 3198 nam
1190 3134 1251 3198 etsi

70 3237 197 3302 multas
221 3237 255 3300 in
278 3237 382 3304 Plinio
408 3240 587 3303 structuras
603 3242 769 3304 contortas
785 3243 818 3302 et
840 3240 1001 3323 inpeditas
1025 3239 1103 3306 ferri
1122 3257 1252 3304 neeesse

71 3349 145 3428 est,
180 3344 302 3409 fractae
331 3350 441 3410 tamen
469 3349 502 3409 et
529 3350 638 3428 aperte
676 3345 893 3411 claudicantes
930 3345 1008 3410 ferri
1035 3343 1252 3431 nequeunt.¹¹)

153 3537 184 3606 ¹¹)
207 3538 292 3592 Plinii
315 3537 426 3594 dicendi
457 3558 544 3611 genus
568 3539 650 3594 multi
677 3538 929 3594 reformidaverunt
961 3541 990 3594 et
1010 3535 1251 3609 vituperaverunt3

69 3644 172 3694 nemo,
194 3627 304 3698 opinor,
320 3629 447 3684 acerbius
462 3631 616 3698 salsiusque
632 3646 715 3698 quam
726 3628 989 3698 Sehopenhauerus,
1006 3628 1101 3696 quide
1116 3628 1165 3683 illo
1181 3629 1252 3684 eius·

70 3734 131 3784 que
151 3713 272 3771 dictione
297 3734 385 3786 paene
404 3717 476 3773 irato
496 3719 588 3773 animo
618 3718 688 3772 dicit
714 3717 832 3788 paralip.
851 3718 878 3770 ll
895 3737 922 3787 p.
942 3723 1006 3771 402:
1046 3717 1122 3770 ‘Von
1147 3716 1253 3770 seinem

70 3805 282 3859 Selbstdenken
316 3805 369 3860 mir
400 3807 474 3860 hohe
502 3807 622 3876 Begriffe
651 3825 684 3860 nu
716 3806 806 3875 geben
834 3805 873 3859 ist
904 3805 997 3859 weder
1020 3804 1095 3859 seiae
1122 3805 1252 3859 urtheils-

68 3895 136 3950 lose
155 3892 431 3964 Leiehtglaubiglreit
448 3898 521 3950 noch
545 3896 604 3950 sein
622 3895 870 3965 unausspreohlioh
889 3892 1120 3963 widerwaniger,
1146 3893 1253 3949 sehwer

68 3981 311 4051 verstttndlicher,
325 3984 575 4055 papiersparender
589 3983 833 4040 Colleetaneenstil
853 3983 1001 4054 geeignet.'
1025 3982 1100 4052 quod
1115 3999 1147 4037 eo
1161 3984 1252 4053 magis

69 4071 191 4138 mirum,
213 4089 276 4126 cunr
294 4073 370 4126 haud
388 4073 471 4142 pauei
489 4075 546 4128 loei
563 4092 614 4144 per
631 4076 724 4130 totum
744 4092 813 4144 opus
833 4073 951 4143 dispersi
970 4071 1037 4139 sint,
1058 4072 1156 4140 quibus
1171 4091 1252 4142 argu-

68 4160 165 4214 menti
188 4161 443 4230 sententiarumque
467 4163 575 4217 ratione
599 4164 628 4217 et
650 4161 762 4216 dicendi
786 4161 916 4231 argutiis,
944 4161 1102 4228 venustate,
1132 4161 1252 4215 elatione

68 4249 157 4302 illum
180 4250 226 4302 vel
248 4249 368 4304 maxime
393 4250 529 4306 oblectari
551 4252 769 4306 consentaneum
792 4252 860 4305 erat.
898 4267 987 4318 neque
1013 4267 1182 4318 quemquam
1205 4249 1253 4318 qui

67 4337 233 4392 naturalem
255 4338 402 4392 historiam
425 4340 532 4394 attente
555 4339 719 4409 perlegerit,
746 4339 844 4393 fallere
867 4338 983 4408 poterit,
1012 4339 1145 4406 quantam
1168 4337 1253 4392 Plinii

69 4427 109 4479 de
130 4425 186 4494 dis,
212 4425 245 4479 de
270 4427 371 4481 natura
389 4444 494 4496 rerum,
519 4428 552 4481 tle
571 4427 683 4482 miseria
701 4427 783 4483 sortis
806 4429 956 4495 humanae,
982 4428 1015 4482 de
1039 4429 1129 4482 morte
1148 4427 1253 4497 placita
