3212 5088
618 323 702 387 75,

619 417 641 420 -..
664 415 716 422 ..—

139 517 189 582 Ex
217 517 268 580 his
297 539 368 581 eum
397 520 510 600 pateat
533 517 645 583 critico
669 540 735 583 non
759 505 828 582 sine
852 520 937 584 iusta
961 522 1110 585 cautione
1134 541 1222 587 acce-

61 623 188 688 dendum
207 645 277 688 esse
297 624 337 688 ad
355 623 416 688 has
436 624 651 689 correctiones
674 629 706 688 et
729 624 976 709 diligentissime
1000 626 1034 690 in
1057 649 1120 692 uno
1145 649 1221 710 quo-

60 753 113 812 que
126 732 198 795 loco
213 729 468 816 expendendum,
483 731 666 794 habeantne
682 734 804 796 certam
818 731 886 795 veri
901 733 1221 815 commendationem,

59 858 117 900 non
139 837 258 902 mirum
281 837 316 900 in
340 836 380 900 iis
402 836 494 917 locis,
518 837 551 904 in
575 837 691 919 quibus
715 837 783 901 reri
806 837 960 901 iudicium
984 837 1025 902 ad
1045 837 1221 922 probabili-

59 945 152 1007 tatem
176 942 336 1026 quandam
355 943 522 1028 referatur,
542 943 623 1008 alias
643 966 713 1008 esse
735 944 873 1024 aliorum
893 944 1079 1009 sententias,
1111 945 1221 1028 itaque

59 1049 120 1112 fieri
152 1048 248 1113 facile
280 1051 401 1132 potest,
430 1051 468 1112 ut
497 1047 690 1115 damnentur
722 1071 803 1135 quae
827 1049 1009 1116 damnanda
1031 1073 1098 1117 non
1121 1054 1222 1135 erant,
1315 1095 1316 1100 κ

58 1156 84 1218 id
115 1156 200 1240 quod
231 1155 384 1228 accidisse
414 1158 494 1238 puto
526 1153 572 1218 XI
605 1157 677 1241 165,
707 1157 764 1220 ubi
796 1180 855 1240 pro
888 1159 987 1222 aculei
1020 1155 1063 1220 R²
1085 1157 1222 1241 praebet

58 1264 187 1326 {teretium
218 1263 279 1326 eice
315 1262 446 1327 malcus
478 1264 608 1328 insectis.
647 1286 684 1328 ex
718 1286 780 1347 quo
804 1263 1010 1350 Detlcfsenus
1034 1263 1220 1330 coniciendo

58 1365 127 1432 fecit
145 1369 243 1434 aculei
261 1373 341 1452 sarit,
361 1369 416 1432 sed
440 1391 512 1433 cum
532 1371 655 1435 ceteris.
667 1371 862 1435 animalibus
883 1372 993 1454 plures
1016 1373 1081 1435 sint
1100 1372 1222 1454 dentes,

57 1473 183 1540 inseetis
206 1474 308 1539 aculei
332 1475 460 1561 singuli,
483 1497 549 1541 non
572 1478 665 1550 video
689 1477 765 1560 quid
791 1477 834 1540 sit
852 1499 914 1561 quo
934 1478 1002 1542 iure
1022 1478 1222 1542 offendamur

57 1580 86 1643 in
107 1604 241 1646 numero
265 1580 431 1666 singulari.
466 1603 569 1665 neque
594 1605 666 1646 eum
690 1582 802 1648 eodem
831 1583 955 1648 editore
979 1583 1151 1648 abiecerim
1173 1585 1222 1646 iu·

58 1694 140 1772 cocto,
164 1688 250 1772 quod
262 1685 382 1754 R²edr
397 1687 520 1752 habent
537 1687 584 1752 XI
603 1689 668 1754 205
687 1690 785 1754 Asiae
802 1691 884 1772 reolo
903 1689 1022 1772 Scepsis
1039 1691 1221 1772 appellotar,

58 1796 87 1857 ia
117 1816 179 1876 quo
210 1795 355 1859 miniates
388 1792 517 1881 (lienes)
545 1816 605 1860 esse
621 1799 726 1878 pecori
749 1799 884 1874 tractarat,
908 1803 936 1860 et
957 1797 1029 1860 iude
1042 1798 1093 1882 ,od
1114 1797 1223 1860 lienem

56 1903 166 1966 travecta
179 1903 321 1968 remedio.
348 1902 557 1967 Detlefsenus
571 1905 703 1984 iacente,
727 1903 906 1967 sententiae
922 1905 954 1967 et
969 1907 1149 1968 structurae
1164 1903 1221 1966 mi·

57 2029 110 2072 uus
129 2008 423 2093 accommodatum,
441 2010 564 2092 recepit
579 2033 617 2073 ex
632 2033 664 2093 a,
686 2010 736 2073 cui
751 2032 807 2074 eur
825 2031 957 2092 perraro
972 2009 1068 2075 fidem
1082 2009 1220 2073 habeam

56 2114 134 2179 infra
162 2114 344 2198 explioab03
372 2115 434 2180 hoc
463 2115 590 2199 quidem
614 2117 685 2180 loeo
710 2115 748 2179 de
772 2116 956 2204 coniectura
980 2139 1018 2181 eo
1042 2116 1146 2201 magis
1172 2139 1221 2178 su-

16 2219 17 2226 ’
56 2225 181 2302 spectus
205 2223 264 2304 est,
287 2221 372 2304 quod
395 2222 429 2285 in
452 2221 494 2285 Η1
518 2226 550 2286 et
572 2222 612 2306 D,
636 2244 774 2306 quocum
798 2222 979 2286 consentire
1008 2222 1100 2306 solet,
1122 2224 1222 2286 inccta

56 2328 208 2411 seriptum
241 2331 299 2391 est.
339 2327 442 2392 eidem
473 2327 574 2393 codici
603 2352 622 2392 a
649 2328 846 2412 interpolato
874 2327 1010 2392 nimium
1033 2327 1150 2392 tribuit
1173 2328 1222 2392 vir

55 2432 256 2498 doctissimus
280 2433 326 2496 IX
352 2436 425 2519 180,
448 2435 504 2500 ubi
528 2457 566 2498 ex
590 2437 693 2517 itaque
715 2435 792 2500 fecit
815 2455 851 2499 eo
873 2455 967 2516 quac:
988 2455 1042 2498 arec
1060 2437 1095 2498 dc
1113 2434 1222 2498 anticio

55 2541 130 2618 bisce
160 2540 249 2604 silere
278 2543 413 2605 marceat
440 2563 480 2605 ee
512 2563 603 2622 quae
626 2543 786 2624 plerosque
817 2543 940 2606 adverto
962 2541 1130 2606 sedasse.
1154 2538 1221 2603 veri

56 2646 190 2732 vestigia
224 2651 352 2712 servata
385 2651 460 2711 sunt
491 2647 525 2711 in
558 2647 595 2732 R,
623 2648 657 2711 in
681 2669 743 2732 quo
767 2652 931 2713 corrector
954 2652 1039 2712 recte
1064 2646 1221 2729 seriptum

54 2750 253 2834 invenitque
275 2753 295 2816 i.
319 2776 345 2818 e.
367 2774 453 2838 quoe,
477 2775 551 2818 oum
574 2756 683 2818 autem
706 2755 741 2818 in
759 2754 937 2837 archetypo
956 2752 1040 2817 falso
1060 2754 1222 2837 legeretur

56 2859 140 2944 r'tque,
163 2859 291 2944 syllaba
314 2859 522 2924 antecedente
545 2859 672 2944 iterata,
696 2883 734 2924 ex
758 2883 795 2924 eo
819 2860 913 2924 finxit
935 2861 1034 2942 idque,
1052 2856 1093 2923 F²
1110 2859 1222 2943 hiique,

55 2987 71 3026 a
93 2967 204 3049 itaque.
227 2987 287 3030 nec
310 2966 375 3030 alia
397 2966 482 3033 ratio
507 2969 557 3029 est
579 2965 625 3029 IX
649 2967 692 3030 94
716 2969 798 3032 tristi
822 2969 857 3032 id
873 2969 955 3031 enim
974 2972 1091 3032 coarat
1108 2969 1223 3032 omini

53 3073 274 3155 redamantium.
304 3073 349 3136 sie
373 3072 579 3137 Detleisenus
604 3074 741 3138 coniecit
773 3096 812 3138 ex
835 3075 920 3138 oraui
947 3070 1018 3159 (a¹).
1069 3073 1124 3138 sed
1148 3097 1220 3138 eum

53 3176 106 3241 DF
139 3180 284 3244 habeant
316 3200 414 3264 omne,
447 3177 489 3243 It2
521 3200 621 3259 emera,
654 3179 762 3244 verius
800 3180 977 3262 meliusque
1011 3179 1109 3244 scribi
1140 3183 1220 3263 puto

53 3288 145 3351 triste
159 3337 165 3350 .
181 3337 188 3350 .
212 3307 321 3352 omen.

140 3391 296 3476 Superest
318 3396 354 3458 ut
377 3393 532 3477 exemplis
555 3393 755 3458 illustremus
779 3393 883 3476 qualis
906 3392 1005 3456 fuerit
1024 3393 1221 3478 archetypus

52 3498 103 3584 X',
127 3521 166 3564 ex
190 3521 253 3583 quo
276 3500 407 3564 fluxisse
431 3500 604 3566 statuimus

556 3675 596 3741 F2
620 3682 652 3742 et
676 3674 717 3740 al.

51 3818 100 3883 his
120 3818 274 3903 quoniam
287 3816 493 3882 Detlefsenus
512 3818 771 3903 frequentissime
789 3817 906 3901 paruit,
920 3839 985 3881 non
1004 3821 1071 3882 tam
1090 3841 1221 3884 neeesse
1299 3821 1306 3828 ”

52 3930 100 3989 est
119 3948 217 4010 quam
235 3925 340 3989 bonus
360 3924 413 3990 ille
435 3923 533 3988 fuerit
548 3924 764 3989 demonstrari
779 3944 876 4007 qnam
891 3923 1006 4006 quibus
1021 3923 1222 3990 laboraverit

51 4032 240 4095 mendorum
272 4029 453 4115 generibus.
508 4031 616 4113 itaque
647 4029 764 4094 missas
795 4030 879 4095 facio
906 4031 1039 4094 lacunas
1067 4032 1221 4116 expletae,

52 4193 264 4200 ——--—-—-

50 4294 148 4332 voeem
170 4277 264 4346 eiam,
288 4294 372 4344 quam
395 4277 470 4330 solus
488 4277 514 4330 R
532 4294 708 4330 communem
730 4277 817 4331 habet
842 4293 905 4330 cum
931 4275 1088 4344 Solinolt,
1109 4281 1140 4330 11
1161 4295 1222 4334 eura

50 4366 227 4423 aduersarius
245 4367 351 4422 victor
369 4367 488 4438 spoliare
506 4367 588 4422 vellet.
606 4404 609 4411 -
663 4369 668 4378 '
