3212 5088
686 327 728 390 69

119 520 246 584 animus
263 519 411 604 'exsequi
445 521 558 605 queat'.
592 543 629 586 co
662 523 767 606 magis
798 522 900 606 igitur
929 521 1144 592 animantium
1167 526 1292 601 natura,

118 649 201 710 quae
226 625 373 690 sensibus
392 627 516 710 percipi
542 630 574 691 61
594 631 700 692 mente
719 628 935 713 pervestigari
954 631 987 692 61
1006 629 1157 712 cognosci
1177 631 1293 714 possit,

117 734 217 818 digna
241 736 291 798 est
314 755 410 816 quarn
435 733 608 818 diligenter
630 737 841 819 accurateque
861 735 1124 818 contemplemur.

188 839 361 905 'Dubitari
389 842 500 922 potest
528 841 627 904 etiam
657 841 695 904 de
726 842 841 925 copula
865 847 908 906 661
929 840 991 905 XV
1016 843 1058 906 84
1082 841 1175 906 etde
1199 864 1291 925 prae-

116 947 281 1030 positione
305 968 320 1010 6
344 950 418 1010 ante
446 953 544 1028 myrto
571 945 651 1011 XIII
682 949 722 1011 10
750 951 880 1030 praeter
907 948 1136 1012 necessitatem
1160 949 1291 1012 insertis

115 1075 176 1119 nec
200 1053 306 1118 minus
331 1053 369 1115 de
392 1055 671 1137 166116661666616,
691 1076 772 1138 quae
792 1055 892 1118 verba
911 1054 1010 1118 ceteri
1028 1054 1105 1118 libri
1125 1055 1289 1134 omittunt,

115 1158 163 1224 D²
185 1161 358 1243 praecepto
384 1159 486 1223 susini
510 1159 650 1224 faciendi
674 1160 720 1224 ita
744 1159 843 1244 addit,
866 1163 903 1224 ut
926 1160 988 1224 duo
1011 1163 1186 1243 praecepta
1204 1161 1291 1225 tradi

115 1261 318 1349 altdrumque
351 1265 455 1329 altero
489 1265 602 1330 melius
636 1266 700 1330 dici
733 1270 901 1349 appareat:
934 1265 1014 1330 XIII
1048 1268 1086 1330 11
1116 1272 1291 1332 6666161666

116 1373 203 1451 111116,
227 1372 381 1450 16166166,
405 1371 531 1451 calamo,
559 1374 692 1437 1661166
721 1374 903 1452 cinnomo,
935 1395 1026 1453 croco,
1049 1393 1167 1437 616116.
1205 1373 1290 1457 apud

118 1483 244 1544 veteres
269 1479 408 1551 editores
432 1501 532 1542 unum
555 1484 606 1544 est
623 1483 840 1565 praeceptum,
859 1502 931 1544 cum
952 1479 1064 1544 codem
1082 1480 1154 1544 Ioco
1174 1502 1289 1562 posue-

116 1587 186 1649 rint
208 1585 301 1663 melle,
334 1586 536 1669 6166666616,
567 1586 635 1650 nixi
663 1585 752 1650 haud
784 1587 879 1650 dubie
911 1586 1019 1651 codice
1049 1586 1171 1670 aliqu03
1195 1586 1289 1650 aliter

37 1679 40 1686 ⁴
114 1693 203 1757 enim
226 1692 432 1756 vehementer
456 1693 573 1756 mirum
599 1694 693 1776 esset,
717 1692 802 1776 quod
829 1693 1007 1757 inserentes
1031 1715 1069 1756 ca
1091 1692 1191 1757 verba
1214 1715 1289 1757 eun-

115 1800 191 1863 dem
213 1799 318 1863 locum
344 1821 381 1862 ac
399 1795 443 1862 D2
466 1798 602 1864 fortuito
627 1799 801 1884 elegerunt.
834 1822 870 1864 ac
894 1799 974 1864 mihi
998 1798 1127 1883 quidem
1149 1800 1235 1864 melle
1253 1804 1289 1864 ut

113 1906 221 1990 magis
254 1905 409 1989 probetur
439 1904 521 1969 facit
549 1904 773 1990 Dioscorides,
806 1907 860 1991 qui
892 1905 974 1971 162
1006 1906 1071 1970 1116
1107 1906 1145 1970 de
1178 1906 1287 1971 susino

113 2013 217 2076 tradit
243 2015 429 2095 praecepta:
457 2013 562 2096 primo
591 2015 828 2094 componuntur
856 2012 1009 2097 calamus,
1036 2035 1154 2097 murra,
1178 2012 1288 2078 carda-

113 2141 269 2202 momum,
287 2117 402 2202 lilium,
423 2119 507 2203 mel,
528 2119 629 2182 altero
650 2140 772 2203 6166116,
792 2119 1041 2202 cinnamomum,
1065 2141 1183 2204 murra,
1202 2121 1289 2204 mel,

112 2225 222 2310 terti0,
246 2223 331 2308 quod
346 2224 625 2308 simplicissimum
649 2223 735 2310 dicit,
759 2224 947 2288 balaninum
971 2225 1097 2289 aliudve
1123 2225 1230 2289 oleum
1255 2229 1287 2290 et
1375 2281 1377 2286 .

110 2331 228 2396 lilium.
251 2353 290 2394 ex
313 2330 365 2394 his
390 2332 504 2416 aperta
527 2335 603 2395 sunt
625 2330 705 2395 haec
725 2329 802 2395 duo:
820 2331 961 2414 primum
980 2330 1043 2394 mel
1056 2332 1106 2395 ab
1126 2331 1166 2396 iis
1189 2333 1286 2396 rebus

113 2441 228 2504 abesse
256 2460 322 2502 non
349 2460 456 2522 posse,
480 2460 559 2522 quas
583 2437 708 2502 Plinius
733 2440 893 2502 extremas
917 2440 1097 2522 enumerat,
1121 2437 1234 2502 deinde
1259 2441 1287 2503 si

114 2546 179 2610 duo
198 2546 372 2629 praecepta
389 2544 541 2627 traderet,
561 2545 662 2608 altero
682 2545 842 2610 contineri
861 2566 992 2609 necesse
1012 2565 1081 2608 esse
1096 2544 1285 2610 balaninum

112 2654 149 2716 et
168 2651 286 2736 lilium,
310 2651 412 2715 altero
438 2651 577 2734 reliquas
598 2652 761 2716 materias.
799 2656 868 2715 tum
888 2654 996 2714 autem
1015 2653 1124 2716 6161166
1141 2674 1208 2716 non
1231 2675 1286 2734 ap-

111 2763 184 2822 tum
201 2760 301 2841 esset,
325 2779 402 2822 nam
420 2755 627 2822 Dioscorides
651 2759 812 2841 optimum
836 2758 915 2823 dicit
938 2757 971 2822 id
995 2757 1080 2842 quod
1097 2758 1172 2828 ¹lilia
1195 2759 1285 2822 redo-

109 2866 194 2930 leat:
217 2863 344 2944 dprcrov
368 2865 403 2928 δέ
433 2865 516 2929 ἐςτιν
544 2864 644 2928 αὐτοῦ
675 2866 712 2928 τὸ
741 2863 818 2931 ὄζον
846 2866 973 2944 κρίνων.
1005 2865 1047 2928 ob
1081 2863 1142 2928 has
1171 2887 1285 2930 causas

111 2971 196 3035 mihi
222 2991 413 3054 persuasum
442 2974 493 3034 661
519 2959 619 3034 unum
645 2970 711 3056 legi
740 2970 826 3054 apud
854 2969 994 3034 Plinium
1022 2974 1229 3056 praeceptum
1254 2976 1286 3037 61

109 3077 298 3161 recipienda
321 3077 449 3160 quidem
473 3099 542 3141 csse
566 3078 666 3142 verba
689 3100 708 3141 a
731 3075 775 3141 D2
798 3078 929 3162 inserta,
953 3076 1009 3141 sed
1033 3077 1130 3141 simul
1149 3079 1197 3141 ita
1215 3099 1285 3142 mu-

109 3184 222 3268 tanda,
254 3188 291 3249 ut
322 3206 395 3248 cum
424 3183 614 3248 Dioscorida
638 3184 724 3248 616116
747 3180 1035 3268 substituamus.²⁷)

203 3290 326 3356 Contra
356 3289 420 3354 XII
455 3291 515 3354 121
550 3293 582 3353 61
617 3292 693 3374 122,
725 3291 781 3355 ubi
809 3290 949 3356 balsami
973 3290 1090 3354 sinceri
1119 3292 1152 3354 61
1176 3291 1283 3354 vitiati

109 3399 312 3463 differentiae
345 3397 526 3462 accuratius
556 3397 748 3482 indicantur,
775 3399 845 3480 ipsc
869 3397 1074 3461 Detlefsenus
1103 3389 1215 3462 reiecit
1239 3396 1284 3461 D2

110 3507 148 3569 61
170 3508 275 3569 totum
298 3504 406 3568 locum
429 3526 501 3568 cum
524 3502 687 3588 prioribus
713 3504 759 3568 sio
783 3503 892 3589 edidit,
915 3506 952 3567 ut
973 3503 1009 3567 in
1027 3503 1057 3567 It
1075 3504 1283 3586 potissimum

68 3613 82 3638 ⁸
111 3611 254 3694 scriptus
286 3616 343 3675 est.
372 3633 408 3676 ac
436 3613 521 3675 recte
549 3610 708 3674 hoc-sine
737 3609 1286 3676 (161116166111611616111616161

110 3716 176 3783 6166
199 3739 292 3797 rosae,
316 3719 445 3800 cypri..
469 3717 652 3800 caparasima
674 3721 777 3781 661666
800 3718 921 3796 maarai,
945 3718 1092 3798 66661661
1116 3719 1226 3782 crescii
1249 3720 1283 3782 ia

110 3846 212 3890 16666
243 3826 366 3890 Inversa
395 3830 423 3889 61
454 3826 489 3888 ia
517 3845 601 3906 aqua
632 3824 716 3904 sidit,
740 3845 818 3906 qliae
835 3824 978 3906 probatio
1001 3825 1066 3890 6166
1085 3825 1210 3908 pomino
1233 3830 1283 3890 661.

112 4005 326 4012 ..Μ

187 4105 220 4174 ²⁷)
240 4107 331 4160 Antea
356 4105 389 4160 de
415 4103 459 4158 his
484 4104 576 4158 verbis
603 4103 767 4159 correctoris
791 4104 873 4159 aliter
891 4105 1028 4158 statuerat
1045 4103 1234 4173 Dctlefsenus;
1253 4106 1284 4159 in

110 4213 183 4250 mus.
202 4194 290 4249 1111611.
310 4193 362 4248 XV
380 4213 407 4264 p.
428 4199 479 4248 386
499 4193 570 4247 dixit
588 4192 658 4246 nihil
673 4193 750 4247 aliud
765 4192 916 4263 significari
930 4192 985 4246 nisi
998 4211 1049 4263 pro
1064 4195 1168 4248 catomo
1182 4196 1282 4249 melius

110 4283 304 4354 reponendum
323 4300 383 4337 essc
403 4283 537 4337 61666166.
557 4281 627 4336 mihi
646 4283 720 4350 quod
739 4300 823 4352 supra
843 4281 983 4350 disputavi
1001 4282 1061 4336 veri
1075 4281 1193 4338 similius
1207 4283 1283 4338 vide·

110 4377 159 4432 tur
179 4391 263 4444 quam
282 4372 357 4443 quod
373 4371 422 4428 1116
441 4373 486 4427 vel
506 4371 573 4428 olim
593 4369 705 4441 scripsit
722 4371 768 4427 161
786 4388 874 4442 nuper
894 4369 988 4426 edidit.
