3212 5088
905 318 950 382 30

849 409 907 418 --—
929 409 1008 418 .-—·-.·

340 517 417 580 sunt
443 519 551 580 autem
581 535 705 598 eorum,
733 534 814 598 quae
845 512 920 578 vino
952 512 1026 577 addi
1053 511 1215 596 dicuntur,
1248 515 1395 577 extrema.
1420 511 1517 574 haee:

339 627 368 688 cl
399 623 594 688 adicimus
626 621 785 704 liuprandi
814 622 921 704 pratia
947 621 1073 697 coleres,
1105 625 1141 684 ut
1165 621 1357 702 pipmeutum
1390 619 1521 699 aliquod

338 731 420 810 uiui,
447 735 537 812 atquc
564 729 610 794 iia
632 727 784 811 piupuius
812 728 890 809 fieri.
938 731 980 790 tat
1005 727 1157 808 ueueficiis
1179 727 1300 808 placere
1326 725 1455 807 capitur,
1491 729 1519 786 cl

340 837 496 900 miramur
517 837 611 902 etiam
633 836 761 900 uarium
785 853 854 898 esse.
900 832 947 896 ita
971 832 1126 914 scriptum
1149 832 1255 896 estin
1278 831 1427 897 omnibus
1450 830 1517 892 edi-

340 941 499 1026 tionibus,
522 942 676 1028 quoniam
699 941 784 1026 quod
803 939 929 1004 codices
953 938 1076 1002 habeut
1090 939 1277 1004 addiscimus
1301 960 1397 1002 sensu
1419 937 1517 1019 plane

340 1052 437 1112 caret.
466 1045 594 1134 Silligio
619 1047 647 1112 si
671 1049 844 1130 credimus,
868 1046 1020 1110 adicimus
1042 1044 1122 1108 illud
1145 1046 1283 1128 petitum
1298 1048 1348 1110 est
1367 1067 1383 1108 e
1407 1043 1517 1107 codiee

341 1151 604 1238 salmanticensi,
633 1153 689 1220 sed
716 1176 821 1237 prona
845 1157 896 1217 est
920 1153 1075 1237 suspicio,
1102 1151 1214 1214 fictum
1241 1172 1312 1216 esse
1341 1151 1381 1214 ad
1404 1151 1518 1214 simili-

341 1259 485 1324 tudinem
509 1259 605 1324 huius
633 1260 697 1324 loci
720 1257 798 1324 XIV
823 1261 879 1324 84:
906 1259 955 1323 iris
982 1259 1154 1322 adiciunt
1179 1258 1278 1339 aliqm
1305 1258 1385 1338 quod
1409 1263 1519 1320 accam
1580 1252 1581 1316 1

340 1365 503 1449 dracmam
524 1368 595 1430 riuis
616 1368 652 1430 iu
674 1365 735 1430 soie
757 1367 878 1430 siccatis
975 1366 1035 1428 ita
1056 1363 1150 1444 sieri
1172 1366 1280 1446 aptium
1305 1364 1406 1428 oderis
1428 1383 1517 1444 sapa-
1577 1423 1581 1464 q

341 1473 455 1556 risque,
490 1471 546 1536 ubi
569 1475 727 1557 quantum
750 1473 935 1537 emolliatur
964 1474 1144 1536 structurae
1175 1470 1295 1534 duritia
1321 1469 1419 1534 tertia
1445 1491 1519 1552 per-

343 1599 424 1645 sona
447 1577 537 1642 verbi
575 1578 685 1660 posita
713 1581 745 1643 et
773 1578 940 1642 deficiente
969 1577 1085 1661 copula
1114 1581 1216 1658 atque,
1253 1577 1364 1640 statim
1400 1577 1518 1640 elucet:

342 1683 440 1749 tacite
464 1683 549 1748 enim
572 1682 774 1768 intellegitur
797 1682 922 1749 dicendi
945 1683 1092 1767 verbum,
1123 1705 1142 1746 a
1165 1704 1228 1766 quo
1251 1683 1389 1765 pendeat
1412 1683 1519 1746 oratio

344 1789 485 1874 obliqua.
534 1789 597 1854 hoc
626 1792 733 1853 autem
760 1789 832 1855 loco
860 1791 983 1854 frustra
1011 1789 1222 1872 quaesiveris,
1260 1811 1322 1872 quo
1359 1788 1519 1853 referatur

344 1895 523 1960 infiniiivus
559 1894 638 1975 pieri.
693 1917 791 1978 quare
823 1894 993 1960 Pintianus
1025 1896 1130 1960 1111111
1165 1896 1248 1960 adici
1279 1915 1344 1962 urias
1370 1892 1422 1980 (de
1454 1918 1520 1978 qua

344 2004 508 2066 structura
531 2023 559 2064 v.
582 1999 659 2064 XIX
677 2000 727 2064 73.
750 1999 828 2064 XXI
842 2001 872 2063 4.
895 2001 1038 2066 XXVIII
1063 2003 1114 2066 36.
1138 2000 1230 2066 XXV
1256 2002 1305 2065 77.
1329 2001 1437 2066 XXIX
1461 1999 1521 2070 541

1507 2074 1514 2086 Ι

343 2129 383 2172 ne
408 2106 454 2172 sie
477 2106 605 2190 quidem
620 2104 786 2171 commode
802 2128 989 2171 succurrens
1013 2129 1184 2191 perversae
1204 2107 1361 2171 orationis
1384 2107 1520 2171 formae.

344 2216 379 2278 at
401 2214 501 2278 verba
522 2235 581 2277 nec
603 2213 720 2278 viIiata
744 2215 820 2276 sunt
841 2234 900 2277 nee
924 2214 1087 2296 mutilata,
1116 2212 1289 2278 dummodo
1312 2213 1438 2276 litteras
1463 2213 1521 2277 ad-
1582 2293 1583 2296 Ἴ

343 2322 488 2388 discimus
511 2323 597 2384 recte
621 2319 819 2404 distmguas3
843 2320 953 2384 omnia
975 2323 1062 2384 11111
1085 2319 1274 2403 procedent,
1305 2320 1333 2384 si
1354 2320 1457 2404 leges:
1493 2327 1522 2382 rt
1582 2335 1583 2358 ³

342 2429 432 2492 addi
459 2429 594 2492 scimus
622 2428 782 2508 tiupueudi
805 2429 911 2508 qratia
941 2427 1052 2492 colores
1080 2448 1106 2490 e.
1122 2448 1149 2510 q.
1166 2448 1189 2488 s.
1218 2425 1367 2489 similiter
1396 2423 1520 2489 dictum

347 2536 398 2597 est
419 2531 515 2597 XXII
539 2533 559 2596 3
582 2533 649 2596 iam
670 2553 739 2596 uere
761 2533 850 2613 imici
871 2538 963 2596 uestes
983 2534 1118 2598 scimus
1141 2533 1319 2598 aduriralrili
1339 2532 1418 2613 succa.
1463 2533 1521 2596 cfr.
1583 2546 1584 2618 1

344 2637 410 2704 VII
426 2640 475 2704 78.
499 2638 582 2702 VIII
598 2639 669 2702 119.
692 2637 771 2702 XIX
789 2637 841 2702 35.
864 2637 924 2702 XX
952 2638 1023 2702 199.
1042 2637 1119 2703 XXI
1144 2641 1195 2703 57.
1218 2637 1311 2702 XXV
1337 2639 1385 2701 16.
1408 2637 1522 2704 XXVI

347 2746 417 2810 123.
441 2743 583 2810 XXXIII
609 2743 680 2808 143.
704 2743 848 2807 XXXVI
874 2744 946 2808 159.
983 2745 1116 2809 addendi
1139 2748 1247 2809 autem
1272 2743 1361 2808 verbi
1383 2767 1463 2808 usus
1487 2747 1523 2808 in

344 2850 396 2914 his
411 2849 595 2934 praeceptis
615 2850 713 2933 louge
728 2851 778 2913 est
801 2848 1097 2935 frequentissimus,
1120 2852 1273 2916 adicieudi
1286 2851 1388 2915 multo
1403 2853 1522 2932 rarior,

344 2960 382 3020 111
404 2956 485 3022 XIII
510 2955 560 3020 15.
584 2954 662 3020 XIV
689 2956 759 3019 102.
786 2955 856 3018 113.
880 2953 975 3020 XXII
999 2957 1071 3021 129.

434 3061 531 3129 Haud
555 3062 650 3127 aliter
672 3065 841 3145 peccatum
865 3065 915 3125 est
942 3062 977 3125 in
998 3062 1064 3127 his:
1091 3061 1151 3126 XV
1176 3063 1218 3129 58
1249 3065 1421 3128 cauduutur
1448 3087 1523 3130 uero

343 3172 421 3255 pira
443 3176 478 3235 ut
500 3191 589 3249 1111,
612 3191 649 3234 ae
663 3171 785 3234 totidem
799 3170 911 3246 modis,
933 3190 1028 3250 usque
1041 3171 1131 3234 aliud
1149 3171 1184 3233 iu
1200 3171 1285 3234 radis
1300 3176 1523 3252 praeterquam

342 3297 485 3360 maluae.
526 3279 629 3356 pomis
651 3278 826 3358 proprietas
846 3277 989 3357 pirisque
1015 3278 1093 3355 uiui,
1130 3278 1330 3358 similiterque
1356 3278 1391 3340 iu
1418 3280 1523 3360 aequis

344 3385 492 3448 medentes
514 3389 627 3448 careat.
673 3405 816 3466 prunas
839 3383 871 3450 h.
895 3406 920 3447 e.
949 3383 1105 3447 carbones
1135 3382 1284 3446 ardentes
1312 3382 1346 3444 in
1372 3382 1522 3466 pirorum

346 3510 461 3573 genere
485 3511 555 3553 esse
579 3493 612 3554 et
633 3491 669 3553 in
693 3491 780 3554 cadis
805 3488 898 3554 condi
922 3489 973 3553 cui
996 3510 1062 3552 non
1084 3488 1187 3552 risum
1212 3487 1364 3553 moveat?
1409 3489 1522 3574 itaque

346 3595 483 3678 prioreS‚
514 3598 552 3658 ut
580 3595 753 3660 absurdam
780 3595 864 3658 hane
892 3595 1052 3658 rationem
1080 3595 1244 3677 tollerent,
1276 3595 1356 3658 illud
1387 3617 1418 3673 1,
1456 3620 1522 3680 quo

344 3721 460 3782 praua,
488 3701 578 3764 utilis
606 3724 776 3785 pomorum
800 3700 936 3784 species,
959 3699 1042 3764 falso
1072 3702 1107 3764 in
1134 3721 1254 3783 prunas
1280 3704 1407 3765 mutata
1435 3709 1523 3788 sunt,

347 3806 538 3890 simpliciter
561 3806 755 3872 deleverunt.
789 3807 844 3870 sed
867 3803 971 3868 multo
996 3805 1174 3890 simplicius
1199 3810 1248 3870 est
1270 3808 1395 3873 litteras
1420 3811 1522 3894 sylla-

346 3892 468 3994 basque
492 3913 578 3975 recte
603 3933 754 3995 separare
777 3910 840 3974 hoc
863 3909 973 3974 modo:
996 3931 1090 3992 usque
1113 3913 1201 3976 aliud
1222 3913 1256 3976 iu
1279 3915 1363 3979 cadis
1381 3923 1523 3996 praeur-

346 4171 557 4226 similitudinem
570 4171 693 4226 habeant
707 4174 735 4226 et
750 4172 973 4228 communionem
986 4193 1050 4230 aum
1068 4174 1118 4229 illo
1138 4194 1220 4244 quem
1233 4177 1344 4234 novieiu
1358 4197 1426 4235 vose
1445 4201 1525 4239 nunc

346 4261 491 4329 appellant
504 4260 688 4330 pessimismO,
704 4261 782 4316 auius
792 4264 886 4316 nostru
897 4265 988 4318 aetate
1003 4264 1187 4318 resuscitandi
1200 4264 1259 4334 ipse
1271 4268 1527 4338 Schopenhauerus

346 4345 444 4402 11111111
462 4367 494 4404 uc
512 4349 642 4419 princeps
661 4349 775 4407 exstItit.
