3212 5088
588 318 745 421 ,ΕΞ-1,,

76 524 184 586 ortum
201 541 272 586 esse
295 522 430 604 propter
445 522 631 604 sequentem
654 519 847 603 particulam
870 523 923 594 nt:
948 517 1004 584 sed
1026 518 1143 598 551555,
1167 518 1253 603 quod

75 627 212 692 inseruit
233 625 289 712 Ri,
311 627 396 692 unde
410 629 523 692 natum
547 625 621 691 est?
650 648 722 691 cum
747 625 942 689 sententiam
964 625 1130 689 turbatam
1152 627 1252 690 etiam

74 735 180 820 magis
203 735 329 818 turbet,
353 733 392 798 de
416 733 607 799 correctoris
632 733 817 798 coniectura
841 732 985 816 cogitare
1004 731 1059 796 vix
1077 731 1168 814 licet:
1191 731 1251 795 dit-

73 841 269 926 tographiae
298 840 437 924 ratione,
475 861 538 923 qua
573 840 702 903 litterae
731 859 821 903 omen
853 837 937 903 falso
969 838 1150 922 geminatae
1178 839 1252 922 siut,

73 947 234 1032 originem
256 969 323 1012 non
351 947 431 1011 satis
456 947 668 1029 explicamus:
697 945 806 1030 itaque
833 966 893 1027 pro
926 945 1031 1009 551555
1053 949 1089 1008 51
1113 945 1252 1028 proponi

72 1055 181 1137 possit
208 1055 355 1131 ordonn,
388 1053 680 1118 familiarissimum
707 1050 814 1116 Plinio
843 1050 1050 1135 vocabulum,
1083 1051 1172 1116 cuius
1201 1073 1252 1116 ex·

71 1165 178 1225 trema
200 1160 312 1224 littera
326 1182 403 1224 casu
418 1163 548 1224 servata
573 1159 617 1223 sit
639 1159 674 1222 in
696 1163 743 1237 nt,
768 1180 830 1242 qua
853 1159 979 1222 ratione
1002 1157 1090 1221 haud
1110 1158 1253 1223 'absurda

72 1266 204 1330 exsistit
227 1267 390 1332 sententia
412 1265 505 1330 haec:
538 1287 602 1330 non
623 1267 666 1330 sit
688 1270 789 1329 tamen
812 1267 960 1341 5515555,
983 1285 1087 1328 55555
1108 1265 1253 1345 foeno..

72 1375 225 1437 indicinm
254 1374 468 1454 turpitudinis,
495 1375 524 1438 si
555 1373 676 1454 quidem
705 1374 764 1436 cet.
796 1407 836 1417 -—
864 1369 975 1434 Etiam
1007 1367 1088 1434 VIII
1119 1372 1179 1435 111
1209 1369 1253 1434 F²

71 1483 195 1542 temere
224 1478 400 1543 correxisse
428 1477 569 1562 videtur,
598 1499 670 1542 cunr
699 1477 866 1542 scriberet:
900 1473 1097 1563 (stelliones)
1124 1479 1252 1542 morti-

70 1587 135 1666 feri
162 1587 197 1650 in
226 1585 358 1650 Graecia
386 1605 506 1650 morans
534 1635 562 1649 ..
591 1606 665 1662 esse,
693 1605 770 1648 nam
798 1583 884 1668 quod
911 1580 963 1646 3²
989 1582 1090 1647 habet
1111 1583 1254 1666 pestiferi

72 1693 178 1756 multo
202 1691 404 1775 probabilius
427 1691 466 1754 fit
488 1690 550 1755 hac
575 1691 753 1773 scripturae
777 1689 1008 1773 discrepantia:
1029 1692 1174 1772 pestiferi
1196 1689 1252 1774 R1,

67 1799 167 1876 positi
196 1799 303 1878 ferunt
334 1822 366 1883 a,
398 1801 489 1881 ponti
519 1799 626 1878 fernnt
655 1797 748 1882 Fu),
780 1800 860 1880 pesti
892 1798 993 1878 fertur
1025 1797 1054 1863 d.
1086 1799 1252 1883 utriusque

74 1909 187 1968 antem
210 1903 362 1970 adiectivi
378 1904 522 1989 aequalis
546 1904 613 1968 fere
636 1903 820 1987 frequentia
843 1903 929 1986 apud
942 1902 1084 1968 Plinium
1099 1907 1149 1968 est
1162 1906 1252 1970 nullo

73 2009 325 2095 significationis
355 2009 555 2090 discrimine,
588 2013 621 2075 et
647 2032 775 2075 morsus
808 2011 955 2093 potuisse
989 2011 1050 2076 dici
1079 2013 1252 2095 pestiferos

73 2116 192 2180 docent
214 2113 294 2179 VIII
312 2115 374 2180 152
397 2117 497 2182 rabies
519 2137 631 2182 cannnr
648 2117 810 2200 nocifera,
834 2118 880 2180 ito
899 2121 1035 2184 morsis
1058 2120 1142 2184 letali
1155 2141 1254 2202 oqnoe

72 2227 157 2286 nnetn
176 2223 208 2284 et
230 2220 278 2285 IX
304 2221 381 2305 155,
405 2223 461 2287 ubi
485 2246 622 2288 araneus
646 2223 757 2287 aculeo
776 2223 893 2294 noxius
916 2225 1108 2305 pestiferum
1132 2227 1253 2290 animal

74 2328 268 2411 appellatur.
315 2349 448 2410 prorsus
477 2327 613 2412 denique
645 2351 763 2393 avero
792 2326 950 2392 deductus
975 2331 1025 2392 est
1047 2328 1253 2394 Detlefsenus

74 2435 158 2500 VIII
178 2435 233 2519 91,
256 2433 313 2498 ubi
337 2457 374 2500 ex
398 2432 443 2497 F²
466 2436 598 2519 scripsit
619 2436 757 2518 delphini
774 2437 943 2499 inmeantes
967 2435 1042 2499 Nilo
1058 2487 1064 2500 .
1081 2486 1087 2499 .
1102 2437 1254 2520 retinentes

74 2563 125 2606 eos
157 2539 365 2627 (crocodilos)
393 2543 555 2624 praedae,
593 2543 678 2626 quod
706 2544 886 2606 correctum
915 2545 966 2606 est
1000 2563 1060 2624 pro
1091 2544 1253 2623 55555155.

73 2671 153 2712 nam
186 2649 261 2733 quid
290 2650 352 2712 sibi
381 2651 450 2714 vult
479 2649 629 2715 dativus?
676 2671 718 2712 55
746 2651 796 2712 est
824 2647 1019 2732 genetivus?
1065 2648 1252 2712 verissimus

74 2760 130 2820 est
153 2777 247 2842 quem
277 2757 296 2819 d
324 2755 425 2822 habet
453 2755 615 2820 ablativus
636 2756 763 2839 proedo,
786 2776 982 2838 quamquam
1006 2752 1079 2819 aliis
1103 2752 1193 2837 locis,
1216 2758 1254 2817 nt

73 2861 159 2926 VIII
183 2862 234 2946 24,
256 2862 382 2926 Plinius
406 2862 683 2946 praepositionem
706 2882 727 2924 5
751 2883 823 2926 cum
847 2860 999 2946 abigendi
1022 2860 1122 2924 verbo
1140 2860 1253 2924 iunxit.

170 2966 355 3052 Antequam
378 2991 397 3032 a
421 2971 601 3033 correctore
624 2965 668 3030 F²
692 2966 867 3052 digrediar,
896 2966 958 3032 duo
985 2966 1092 3050 placet
1113 2971 1254 3032 tractare

76 3077 186 3160 locos,
208 3075 243 3137 in
266 3074 382 3158 quibus
406 3074 453 3138 ita
482 3073 655 3158 sogessit,
682 3077 719 3137 ut
750 3073 966 3156 patrocinium
994 3074 1062 3138 eius
1091 3075 1255 3158 suscipere

74 3201 143 3244 555
172 3179 325 3268 (15511515.
375 3181 459 3245 varii
488 3180 597 3244 avium
627 3202 686 3263 per
714 3186 789 3244 atra
816 3181 945 3246 volatus
977 3179 1102 3244 Plinius
1130 3179 1160 3244 X
1191 3182 1253 3246 112

75 3287 172 3370 plura
195 3307 314 3370 genera
337 3291 451 3371 argute
475 3287 660 3370 distinguit:
688 3284 800 3372 (aliae)
829 3289 1007 3368 enpondnnt
1028 3288 1098 3351 alos
1117 3289 1253 3369 penden-

76 3398 179 3474 tesqne
191 3413 264 3458 roro
287 3394 448 3458 intervallo
461 3395 618 3477 qnotinnt,
641 3393 741 3457 51155
754 3393 902 3477 crebius,
925 3393 978 3457 sed
990 3395 1251 3476 5151555555-

77 3503 167 3567 nnn
174 3519 307 3580 pennos,
331 3499 431 3563 51155
444 3504 473 3562 et
487 3503 549 3563 toto
564 3500 661 3563 latero
669 3500 828 3581 pandunt,
852 3501 1029 3580 qnoedon
1042 3520 1122 3565 oeno
1136 3502 1253 3564 nioiore

77 3626 116 3669 55
124 3610 214 3686 porte
228 3606 406 3688 5555555515
419 3607 524 3670 nolunt
530 3626 732 3688 permissoque
745 3607 845 3689 semel,
870 3607 993 3688 nliqnoe
1006 3611 1035 3669 et
1046 3608 1168 3690 pomino
1182 3609 1253 3686 1515,

77 3715 149 3774 odie
162 3712 313 3792 fernntnr.
337 3733 449 3776 omncs
465 3733 540 3776 aves
551 3711 681 3777 volandi
691 3732 790 3776 causa
804 3711 984 3795 expandere
999 3715 1031 3775 et
1040 3734 1169 3777 movere
1184 3713 1253 3777 alas

78 3822 194 3902 suapte
216 3817 334 3882 natura
357 3821 530 3903 coguntur,
554 3819 610 3882 sed
632 3819 667 3881 in
689 3819 769 3900 ipsis
792 3817 843 3882 his
867 3818 963 3882 rebus
987 3819 1129 3883 cernitur
1152 3819 1253 3884 diver·

79 3924 160 3988 sitas
184 3926 326 4002 volatus,
354 3924 444 3989 cuius
468 3922 592 3988 Plinius
621 3925 683 3988 duo
707 3923 913 4006 potissimum
939 3944 1057 4008 genera
1085 3924 1252 3989 discernit:

79 4032 114 4094 in
137 4031 317 4114 posteriore
342 4031 412 4094 alae
434 4053 502 4094 555
524 4033 681 4114 perpetuo
704 4051 763 4095 nec
788 4030 1013 4114 aequabiliter,
1042 4029 1098 4094 sed
1125 4033 1252 4116 magnis

78 4138 260 4202 intervallis
282 4140 314 4201 et
334 4137 502 4222 repentino
526 4137 594 4201 ictu
608 4137 832 4223 expanduntur
847 4140 879 4201 et
894 4141 1063 4202 moventur
1078 4159 1115 4201 ac
1129 4137 1252 4202 maiore

80 4266 119 4308 ex
146 4248 240 4328 parte
264 4266 467 4327 compressae
495 4247 663 4327 tenentur,
691 4245 810 4329 prioris
840 4244 968 4328 generis
994 4243 1056 4307 hoc
1084 4245 1254 4327 proprium

79 4355 142 4432 cst,
165 4355 202 4413 ut
225 4351 295 4414 alae
319 4350 542 4433 expandantur
569 4356 740 4434 perpetuo,
769 4351 824 4414 sed
848 4353 1040 4415 moveantur
1062 4351 1161 4415 variis
1186 4370 1254 4412 mo-

1023 4461 1038 4506 5
